ISIN,Currency,Venue,TradeTime,Price,Trade_id,Phase,Quantity,side,id,primary_ticker,primary_mic_x,TradeTime_min_1,TradeTime_1,best_bid,best_ask,market_state_best,best_bid_min_1s,best_ask_min_1s,market_state_min_1s,best_bid_1s,best_ask_1s,market_state_1s,slippage
DE0006305006,EUR,XETA,2022-09-02 07:00:09.160,3.606,0,OPENING_AUCTION,-150,-1,331530,DEZ,XETR,2022-09-02 07:00:08.160,2022-09-02 07:00:10.160,,,,,,,,,,
BE0003851681,EUR,XBRU,2022-09-02 07:00:25.196,92.8,82,OPENING_AUCTION,71,1,328336,AED,XBRU,2022-09-02 07:00:24.196,2022-09-02 07:00:26.196,92.8,92.9,OPENING_AUCTION,,,,92.85,93.3,CONTINUOUS_TRADING,1.0
BE0003851681,EUR,XBRU,2022-09-02 07:02:02.577,93.05,83,OPENING_AUCTION,13,1,328336,AED,XBRU,2022-09-02 07:02:01.577,2022-09-02 07:02:03.577,93.05,93.35,CONTINUOUS_TRADING,,,,,,,1.0
DE0006305006,EUR,XETA,2022-09-02 07:02:32.790,3.624,1,OPENING_AUCTION,-198,-1,331530,DEZ,XETR,2022-09-02 07:02:31.790,2022-09-02 07:02:33.790,,,,,,,,,,
DE0006305006,EUR,XETA,2022-09-02 07:03:01.573,3.622,2,OPENING_AUCTION,-85,-1,331530,DEZ,XETR,2022-09-02 07:03:00.573,2022-09-02 07:03:02.573,,,,,,,,,,
DE0006305006,EUR,XETA,2022-09-02 07:03:01.829,3.622,3,OPENING_AUCTION,-89,-1,331530,DEZ,XETR,2022-09-02 07:03:00.829,2022-09-02 07:03:02.829,,,,,,,,,,
DE0006305006,EUR,XETA,2022-09-02 07:03:48.935,3.626,4,OPENING_AUCTION,-119,-1,331530,DEZ,XETR,2022-09-02 07:03:47.935,2022-09-02 07:03:49.935,,,,,,,,,,
DE0006305006,EUR,XETA,2022-09-02 07:03:56.378,3.622,5,OPENING_AUCTION,-284,-1,331530,DEZ,XETR,2022-09-02 07:03:55.378,2022-09-02 07:03:57.378,,,,,,,,,,
DE0007664039,EUR,XETA,2022-09-02 07:04:45.758,142.0,264,CONTINUOUS_TRADING,15,1,326330,VOW3,XETR,2022-09-02 07:04:44.758,2022-09-02 07:04:46.758,,,,,,,,,,
DE0007664039,EUR,XETA,2022-09-02 07:04:59.666,142.0,265,CONTINUOUS_TRADING,65,1,326330,VOW3,XETR,2022-09-02 07:04:58.666,2022-09-02 07:05:00.666,,,,,,,,,,
DE0007664039,EUR,XETA,2022-09-02 07:05:04.103,142.0,266,CONTINUOUS_TRADING,11,1,326330,VOW3,XETR,2022-09-02 07:05:03.103,2022-09-02 07:05:05.103,,,,,,,,,,
DE0007664039,EUR,XETA,2022-09-02 07:05:04.171,142.0,267,CONTINUOUS_TRADING,33,1,326330,VOW3,XETR,2022-09-02 07:05:03.171,2022-09-02 07:05:05.171,,,,,,,,,,
DE0006305006,EUR,XETA,2022-09-02 07:05:40.866,3.634,6,OPENING_AUCTION,-332,-1,331530,DEZ,XETR,2022-09-02 07:05:39.866,2022-09-02 07:05:41.866,,,,,,,,,,
DE0007664039,EUR,XETA,2022-09-02 07:06:07.325,142.0,268,CONTINUOUS_TRADING,24,1,326330,VOW3,XETR,2022-09-02 07:06:06.325,2022-09-02 07:06:08.325,,,,,,,,,,
DE0007664039,EUR,XETA,2022-09-02 07:06:10.003,141.98,269,CONTINUOUS_TRADING,39,1,326330,VOW3,XETR,2022-09-02 07:06:09.003,2022-09-02 07:06:11.003,,,,,,,,,,
DE0007664039,EUR,XETA,2022-09-02 07:06:14.590,141.92,270,CONTINUOUS_TRADING,23,1,326330,VOW3,XETR,2022-09-02 07:06:13.590,2022-09-02 07:06:15.590,,,,,,,,,,
DE0007664039,EUR,XETA,2022-09-02 07:06:38.358,142.0,271,CONTINUOUS_TRADING,50,1,326330,VOW3,XETR,2022-09-02 07:06:37.358,2022-09-02 07:06:39.358,,,,,,,,,,
DE0006305006,EUR,XETA,2022-09-02 07:07:30.861,3.636,7,OPENING_AUCTION,-290,-1,331530,DEZ,XETR,2022-09-02 07:07:29.861,2022-09-02 07:07:31.861,,,,,,,,,,
BE0003851681,EUR,XBRU,2022-09-02 07:08:11.684,93.1,84,OPENING_AUCTION,42,1,328336,AED,XBRU,2022-09-02 07:08:10.684,2022-09-02 07:08:12.684,93.05,93.25,CONTINUOUS_TRADING,,,,93.05,93.25,CONTINUOUS_TRADING,0.7500000000000178
DE0007664039,EUR,XETA,2022-09-02 07:08:24.700,142.0,272,CONTINUOUS_TRADING,57,1,326330,VOW3,XETR,2022-09-02 07:08:23.700,2022-09-02 07:08:25.700,,,,,,,,,,
DE0007664039,EUR,XETA,2022-09-02 07:08:42.930,142.0,273,CONTINUOUS_TRADING,55,1,326330,VOW3,XETR,2022-09-02 07:08:41.930,2022-09-02 07:08:43.930,,,,,,,,,,
DE0007664039,EUR,XETA,2022-09-02 07:08:59.105,141.98,275,CONTINUOUS_TRADING,11,1,326330,VOW3,XETR,2022-09-02 07:08:58.105,2022-09-02 07:09:00.105,,,,,,,,,,
DE0007664039,EUR,XETA,2022-09-02 07:08:59.105,141.98,274,CONTINUOUS_TRADING,45,1,326330,VOW3,XETR,2022-09-02 07:08:58.105,2022-09-02 07:09:00.105,,,,,,,,,,
DE0007664039,EUR,XETA,2022-09-02 07:09:01.604,141.96,276,CONTINUOUS_TRADING,15,1,326330,VOW3,XETR,2022-09-02 07:09:00.604,2022-09-02 07:09:02.604,,,,,,,,,,
BE0003851681,EUR,XBRU,2022-09-02 07:09:07.953,93.15,85,OPENING_AUCTION,13,1,328336,AED,XBRU,2022-09-02 07:09:06.953,2022-09-02 07:09:08.953,93.05,93.25,CONTINUOUS_TRADING,,,,92.8,93.0,CONTINUOUS_TRADING,0.4999999999999645
DE0007664039,EUR,XETA,2022-09-02 07:09:11.112,141.96,277,CONTINUOUS_TRADING,17,1,326330,VOW3,XETR,2022-09-02 07:09:10.112,2022-09-02 07:09:12.112,,,,,,,,,,
DE0007664039,EUR,XETA,2022-09-02 07:09:27.863,142.0,278,CONTINUOUS_TRADING,60,1,326330,VOW3,XETR,2022-09-02 07:09:26.863,2022-09-02 07:09:28.863,,,,,,,,,,
DE0007664039,EUR,XETA,2022-09-02 07:09:32.530,141.9,279,CONTINUOUS_TRADING,38,1,326330,VOW3,XETR,2022-09-02 07:09:31.530,2022-09-02 07:09:33.530,,,,,,,,,,
DE0006305006,EUR,XETA,2022-09-02 07:10:08.048,3.62,8,OPENING_AUCTION,-141,-1,331530,DEZ,XETR,2022-09-02 07:10:07.048,2022-09-02 07:10:09.048,,,,,,,,,,
BE0003851681,EUR,XBRU,2022-09-02 07:10:16.279,92.85,86,OPENING_AUCTION,15,1,328336,AED,XBRU,2022-09-02 07:10:15.279,2022-09-02 07:10:17.279,92.75,92.9,CONTINUOUS_TRADING,,,,92.7,92.85,CONTINUOUS_TRADING,0.3333333333333965
DE0006305006,EUR,XETA,2022-09-02 07:10:18.425,3.626,9,OPENING_AUCTION,-289,-1,331530,DEZ,XETR,2022-09-02 07:10:17.425,2022-09-02 07:10:19.425,,,,,,,,,,
DE0006305006,EUR,XETA,2022-09-02 07:10:49.878,3.63,10,OPENING_AUCTION,-237,-1,331530,DEZ,XETR,2022-09-02 07:10:48.878,2022-09-02 07:10:50.878,,,,,,,,,,
DE0007100000,EUR,XETA,2022-09-02 07:11:37.387,55.84,319,CONTINUOUS_TRADING,-33,-1,326288,MBG,XETR,2022-09-02 07:11:36.387,2022-09-02 07:11:38.387,,,,,,,,,,
CH0012005267,CHF,XSWX,2022-09-02 07:11:44.139,78.48,288,CONTINUOUS_TRADING,-26,-1,323448,NOVN,XSWX,2022-09-02 07:11:43.139,2022-09-02 07:11:45.139,78.47,78.49,CONTINUOUS_TRADING,78.47,78.48,CONTINUOUS_TRADING,78.51,78.53,CONTINUOUS_TRADING,0.5000000000003553
CH0012005267,CHF,XSWX,2022-09-02 07:11:45.361,78.58,289,CONTINUOUS_TRADING,-45,-1,323448,NOVN,XSWX,2022-09-02 07:11:44.361,2022-09-02 07:11:46.361,78.58,78.6,CONTINUOUS_TRADING,78.48,78.5,CONTINUOUS_TRADING,78.59,78.61,CONTINUOUS_TRADING,0.0
DE0007100000,EUR,XETA,2022-09-02 07:11:45.696,55.81,320,CONTINUOUS_TRADING,-57,-1,326288,MBG,XETR,2022-09-02 07:11:44.696,2022-09-02 07:11:46.696,,,,,,,,,,
CH0012005267,CHF,XSWX,2022-09-02 07:11:51.270,78.57,291,CONTINUOUS_TRADING,-280,-1,323448,NOVN,XSWX,2022-09-02 07:11:50.270,2022-09-02 07:11:52.270,78.57,78.58,CONTINUOUS_TRADING,78.58,78.6,CONTINUOUS_TRADING,78.57,78.59,CONTINUOUS_TRADING,0.0
CH0012005267,CHF,XSWX,2022-09-02 07:11:51.270,78.57,290,CONTINUOUS_TRADING,-148,-1,323448,NOVN,XSWX,2022-09-02 07:11:50.270,2022-09-02 07:11:52.270,78.57,78.58,CONTINUOUS_TRADING,78.58,78.6,CONTINUOUS_TRADING,78.57,78.59,CONTINUOUS_TRADING,0.0
CH0012005267,CHF,XSWX,2022-09-02 07:11:51.550,78.57,292,CONTINUOUS_TRADING,-211,-1,323448,NOVN,XSWX,2022-09-02 07:11:50.550,2022-09-02 07:11:52.550,78.57,78.59,CONTINUOUS_TRADING,78.56,78.58,CONTINUOUS_TRADING,78.57,78.59,CONTINUOUS_TRADING,0.0
BE0003851681,EUR,XBRU,2022-09-02 07:11:53.645,92.75,87,OPENING_AUCTION,18,1,328336,AED,XBRU,2022-09-02 07:11:52.645,2022-09-02 07:11:54.645,92.7,92.9,CONTINUOUS_TRADING,,,,,,,0.7500000000000178
CH0012032048,CHF,XSWX,2022-09-02 07:12:01.038,314.65,329,CONTINUOUS_TRADING,-19,-1,323508,ROG,XSWX,2022-09-02 07:12:00.038,2022-09-02 07:12:02.038,314.6,314.65,CONTINUOUS_TRADING,314.6,314.65,CONTINUOUS_TRADING,314.6,314.65,CONTINUOUS_TRADING,1.0
CH0012032048,CHF,XSWX,2022-09-02 07:12:03.048,314.6,330,CONTINUOUS_TRADING,-34,-1,323508,ROG,XSWX,2022-09-02 07:12:02.048,2022-09-02 07:12:04.048,314.55,314.6,CONTINUOUS_TRADING,314.6,314.65,CONTINUOUS_TRADING,314.55,314.65,CONTINUOUS_TRADING,1.0
DE0007100000,EUR,XETA,2022-09-02 07:12:04.338,55.77,321,CONTINUOUS_TRADING,-83,-1,326288,MBG,XETR,2022-09-02 07:12:03.338,2022-09-02 07:12:05.338,,,,,,,,,,
CH0012032048,CHF,XSWX,2022-09-02 07:12:08.211,314.65,331,CONTINUOUS_TRADING,-11,-1,323508,ROG,XSWX,2022-09-02 07:12:07.211,2022-09-02 07:12:09.211,314.55,314.65,CONTINUOUS_TRADING,314.55,314.65,CONTINUOUS_TRADING,314.55,314.65,CONTINUOUS_TRADING,1.0
CH0012032048,CHF,XSWX,2022-09-02 07:12:12.782,314.5,332,CONTINUOUS_TRADING,-1,-1,323508,ROG,XSWX,2022-09-02 07:12:11.782,2022-09-02 07:12:13.782,314.5,314.6,CONTINUOUS_TRADING,314.55,314.65,CONTINUOUS_TRADING,314.55,314.6,CONTINUOUS_TRADING,0.0
CH0012005267,CHF,XSWX,2022-09-02 07:12:17.036,78.48,293,CONTINUOUS_TRADING,-26,-1,323448,NOVN,XSWX,2022-09-02 07:12:16.036,2022-09-02 07:12:18.036,78.47,78.48,CONTINUOUS_TRADING,78.46,78.48,CONTINUOUS_TRADING,78.47,78.49,CONTINUOUS_TRADING,1.0
DE0007100000,EUR,XETA,2022-09-02 07:12:24.868,55.74,322,CONTINUOUS_TRADING,-101,-1,326288,MBG,XETR,2022-09-02 07:12:23.868,2022-09-02 07:12:25.868,,,,,,,,,,
CH0012032048,CHF,XSWX,2022-09-02 07:12:28.955,314.6,333,CONTINUOUS_TRADING,-32,-1,323508,ROG,XSWX,2022-09-02 07:12:27.955,2022-09-02 07:12:29.955,314.55,314.6,CONTINUOUS_TRADING,314.5,314.6,CONTINUOUS_TRADING,314.6,314.7,CONTINUOUS_TRADING,1.0
DE0006305006,EUR,XETA,2022-09-02 07:12:38.800,3.63,11,OPENING_AUCTION,-179,-1,331530,DEZ,XETR,2022-09-02 07:12:37.800,2022-09-02 07:12:39.800,,,,,,,,,,
CH0012005267,CHF,XSWX,2022-09-02 07:12:43.572,78.48,294,CONTINUOUS_TRADING,-52,-1,323448,NOVN,XSWX,2022-09-02 07:12:42.572,2022-09-02 07:12:44.572,78.47,78.48,CONTINUOUS_TRADING,,,,78.48,78.49,CONTINUOUS_TRADING,1.0
DE0007100000,EUR,XETA,2022-09-02 07:12:45.668,55.81,323,CONTINUOUS_TRADING,-33,-1,326288,MBG,XETR,2022-09-02 07:12:44.668,2022-09-02 07:12:46.668,,,,,,,,,,
CH0012032048,CHF,XSWX,2022-09-02 07:12:45.778,314.75,334,CONTINUOUS_TRADING,-1,-1,323508,ROG,XSWX,2022-09-02 07:12:44.778,2022-09-02 07:12:46.778,314.7,314.75,CONTINUOUS_TRADING,,,,314.6,314.7,CONTINUOUS_TRADING,1.0
CH0012032048,CHF,XSWX,2022-09-02 07:12:45.783,314.75,335,CONTINUOUS_TRADING,-6,-1,323508,ROG,XSWX,2022-09-02 07:12:44.783,2022-09-02 07:12:46.783,314.7,314.75,CONTINUOUS_TRADING,,,,314.6,314.7,CONTINUOUS_TRADING,1.0
CH0012005267,CHF,XSWX,2022-09-02 07:12:49.411,78.44,295,CONTINUOUS_TRADING,-11,-1,323448,NOVN,XSWX,2022-09-02 07:12:48.411,2022-09-02 07:12:50.411,78.44,78.46,CONTINUOUS_TRADING,78.44,78.46,CONTINUOUS_TRADING,78.44,78.46,CONTINUOUS_TRADING,0.0
CH0012005267,CHF,XSWX,2022-09-02 07:12:49.873,78.45,296,CONTINUOUS_TRADING,-26,-1,323448,NOVN,XSWX,2022-09-02 07:12:48.873,2022-09-02 07:12:50.873,78.44,78.45,CONTINUOUS_TRADING,78.44,78.46,CONTINUOUS_TRADING,78.44,78.46,CONTINUOUS_TRADING,1.0
CH0012005267,CHF,XSWX,2022-09-02 07:12:54.720,78.5,297,CONTINUOUS_TRADING,-18,-1,323448,NOVN,XSWX,2022-09-02 07:12:53.720,2022-09-02 07:12:55.720,78.5,78.53,CONTINUOUS_TRADING,78.46,78.48,CONTINUOUS_TRADING,78.52,78.54,CONTINUOUS_TRADING,0.0
CH0012005267,CHF,XSWX,2022-09-02 07:13:00.766,78.52,298,CONTINUOUS_TRADING,-27,-1,323448,NOVN,XSWX,2022-09-02 07:12:59.766,2022-09-02 07:13:01.766,78.52,78.54,CONTINUOUS_TRADING,78.52,78.53,CONTINUOUS_TRADING,78.54,78.56,CONTINUOUS_TRADING,0.0
CH0012005267,CHF,XSWX,2022-09-02 07:13:01.039,78.54,299,CONTINUOUS_TRADING,-52,-1,323448,NOVN,XSWX,2022-09-02 07:13:00.039,2022-09-02 07:13:02.039,78.54,78.56,CONTINUOUS_TRADING,78.52,78.53,CONTINUOUS_TRADING,78.54,78.56,CONTINUOUS_TRADING,0.0
CH0012005267,CHF,XSWX,2022-09-02 07:13:01.555,78.55,300,CONTINUOUS_TRADING,-26,-1,323448,NOVN,XSWX,2022-09-02 07:13:00.555,2022-09-02 07:13:02.555,78.53,78.55,CONTINUOUS_TRADING,78.52,78.54,CONTINUOUS_TRADING,78.55,78.57,CONTINUOUS_TRADING,1.0
DE0007100000,EUR,XETA,2022-09-02 07:13:05.222,55.77,324,CONTINUOUS_TRADING,-40,-1,326288,MBG,XETR,2022-09-02 07:13:04.222,2022-09-02 07:13:06.222,,,,,,,,,,
DE0007100000,EUR,XETA,2022-09-02 07:13:05.792,55.75,325,CONTINUOUS_TRADING,-20,-1,326288,MBG,XETR,2022-09-02 07:13:04.792,2022-09-02 07:13:06.792,,,,,,,,,,
DE0007100000,EUR,XETA,2022-09-02 07:13:06.419,55.74,326,CONTINUOUS_TRADING,-105,-1,326288,MBG,XETR,2022-09-02 07:13:05.419,2022-09-02 07:13:07.419,,,,,,,,,,
DE0007100000,EUR,XETA,2022-09-02 07:13:16.632,55.76,327,CONTINUOUS_TRADING,-33,-1,326288,MBG,XETR,2022-09-02 07:13:15.632,2022-09-02 07:13:17.632,,,,,,,,,,
CH0012005267,CHF,XSWX,2022-09-02 07:13:22.410,78.51,301,CONTINUOUS_TRADING,-29,-1,323448,NOVN,XSWX,2022-09-02 07:13:21.410,2022-09-02 07:13:23.410,78.51,78.53,CONTINUOUS_TRADING,78.51,78.53,CONTINUOUS_TRADING,78.51,78.53,CONTINUOUS_TRADING,0.0
CH0012005267,CHF,XSWX,2022-09-02 07:13:22.666,78.51,302,CONTINUOUS_TRADING,-60,-1,323448,NOVN,XSWX,2022-09-02 07:13:21.666,2022-09-02 07:13:23.666,78.51,78.53,CONTINUOUS_TRADING,78.51,78.54,CONTINUOUS_TRADING,,,,0.0
IE00BZ12WP82,EUR,XETA,2022-09-02 07:13:28.679,278.0,476,CONTINUOUS_TRADING,-15,-1,326525,LIN,XETR,2022-09-02 07:13:27.679,2022-09-02 07:13:29.679,,,,,,,,,,
BE0003851681,EUR,XBRU,2022-09-02 07:13:29.127,92.75,88,OPENING_AUCTION,12,1,328336,AED,XBRU,2022-09-02 07:13:28.127,2022-09-02 07:13:30.127,92.7,93.0,CONTINUOUS_TRADING,,,,,,,0.8333333333333413
CH0012005267,CHF,XSWX,2022-09-02 07:13:34.685,78.49,303,CONTINUOUS_TRADING,-46,-1,323448,NOVN,XSWX,2022-09-02 07:13:33.685,2022-09-02 07:13:35.685,78.49,78.51,CONTINUOUS_TRADING,78.49,78.51,CONTINUOUS_TRADING,78.52,78.53,CONTINUOUS_TRADING,0.0
CH0012005267,CHF,XSWX,2022-09-02 07:13:37.649,78.53,304,CONTINUOUS_TRADING,-26,-1,323448,NOVN,XSWX,2022-09-02 07:13:36.649,2022-09-02 07:13:38.649,78.52,78.53,CONTINUOUS_TRADING,,,,78.52,78.55,CONTINUOUS_TRADING,1.0
CH0012005267,CHF,XSWX,2022-09-02 07:13:43.975,78.59,305,CONTINUOUS_TRADING,-3,-1,323448,NOVN,XSWX,2022-09-02 07:13:42.975,2022-09-02 07:13:44.975,78.58,78.59,CONTINUOUS_TRADING,78.58,78.59,CONTINUOUS_TRADING,78.57,78.6,CONTINUOUS_TRADING,1.0
DE0007100000,EUR,XETA,2022-09-02 07:13:44.172,55.78,328,CONTINUOUS_TRADING,-30,-1,326288,MBG,XETR,2022-09-02 07:13:43.172,2022-09-02 07:13:45.172,,,,,,,,,,
CH0012005267,CHF,XSWX,2022-09-02 07:13:50.595,78.6,306,CONTINUOUS_TRADING,-20,-1,323448,NOVN,XSWX,2022-09-02 07:13:49.595,2022-09-02 07:13:51.595,78.6,78.61,CONTINUOUS_TRADING,78.59,78.6,CONTINUOUS_TRADING,,,,0.0
CH0012005267,CHF,XSWX,2022-09-02 07:14:07.019,78.56,307,CONTINUOUS_TRADING,-21,-1,323448,NOVN,XSWX,2022-09-02 07:14:06.019,2022-09-02 07:14:08.019,78.56,78.58,CONTINUOUS_TRADING,78.56,78.57,CONTINUOUS_TRADING,78.56,78.57,CONTINUOUS_TRADING,0.0
IE00BZ12WP82,EUR,XETA,2022-09-02 07:14:22.937,278.0,477,CONTINUOUS_TRADING,-6,-1,326525,LIN,XETR,2022-09-02 07:14:21.937,2022-09-02 07:14:23.937,,,,,,,,,,
IE00BZ12WP82,EUR,XETA,2022-09-02 07:14:23.428,278.0,478,CONTINUOUS_TRADING,-100,-1,326525,LIN,XETR,2022-09-02 07:14:22.428,2022-09-02 07:14:24.428,,,,,,,,,,
IE00BZ12WP82,EUR,XETA,2022-09-02 07:14:30.632,278.0,479,CONTINUOUS_TRADING,-13,-1,326525,LIN,XETR,2022-09-02 07:14:29.632,2022-09-02 07:14:31.632,,,,,,,,,,
CH0012005267,CHF,XSWX,2022-09-02 07:14:34.143,78.56,308,CONTINUOUS_TRADING,-12,-1,323448,NOVN,XSWX,2022-09-02 07:14:33.143,2022-09-02 07:14:35.143,78.55,78.57,CONTINUOUS_TRADING,78.54,78.56,CONTINUOUS_TRADING,78.56,78.58,CONTINUOUS_TRADING,0.5000000000003553
CH0012005267,CHF,XSWX,2022-09-02 07:14:36.167,78.58,309,CONTINUOUS_TRADING,-9,-1,323448,NOVN,XSWX,2022-09-02 07:14:35.167,2022-09-02 07:14:37.167,78.57,78.59,CONTINUOUS_TRADING,78.56,78.58,CONTINUOUS_TRADING,78.62,78.64,CONTINUOUS_TRADING,0.5
CH0012005267,CHF,XSWX,2022-09-02 07:14:36.539,78.61,310,CONTINUOUS_TRADING,-7,-1,323448,NOVN,XSWX,2022-09-02 07:14:35.539,2022-09-02 07:14:37.539,78.6,78.62,CONTINUOUS_TRADING,78.56,78.58,CONTINUOUS_TRADING,78.62,78.64,CONTINUOUS_TRADING,0.5
IE00BZ12WP82,EUR,XETA,2022-09-02 07:14:40.024,278.05,480,CONTINUOUS_TRADING,-5,-1,326525,LIN,XETR,2022-09-02 07:14:39.024,2022-09-02 07:14:41.024,,,,,,,,,,
IE00BZ12WP82,EUR,XETA,2022-09-02 07:14:40.285,278.05,481,CONTINUOUS_TRADING,-31,-1,326525,LIN,XETR,2022-09-02 07:14:39.285,2022-09-02 07:14:41.285,,,,,,,,,,
IE00BZ12WP82,EUR,XETA,2022-09-02 07:14:40.285,278.0,482,CONTINUOUS_TRADING,-136,-1,326525,LIN,XETR,2022-09-02 07:14:39.285,2022-09-02 07:14:41.285,,,,,,,,,,
IE00BZ12WP82,EUR,XETA,2022-09-02 07:14:40.845,278.0,483,CONTINUOUS_TRADING,-109,-1,326525,LIN,XETR,2022-09-02 07:14:39.845,2022-09-02 07:14:41.845,,,,,,,,,,
CH0012005267,CHF,XSWX,2022-09-02 07:14:42.935,78.63,311,CONTINUOUS_TRADING,-5,-1,323448,NOVN,XSWX,2022-09-02 07:14:41.935,2022-09-02 07:14:43.935,78.62,78.64,CONTINUOUS_TRADING,78.62,78.63,CONTINUOUS_TRADING,,,,0.49999999999964473
CH0012005267,CHF,XSWX,2022-09-02 07:14:48.413,78.64,312,CONTINUOUS_TRADING,-4,-1,323448,NOVN,XSWX,2022-09-02 07:14:47.413,2022-09-02 07:14:49.413,78.63,78.64,CONTINUOUS_TRADING,,,,78.63,78.65,CONTINUOUS_TRADING,1.0
CH0012005267,CHF,XSWX,2022-09-02 07:14:54.820,78.63,313,CONTINUOUS_TRADING,-3,-1,323448,NOVN,XSWX,2022-09-02 07:14:53.820,2022-09-02 07:14:55.820,78.61,78.64,CONTINUOUS_TRADING,78.61,78.63,CONTINUOUS_TRADING,78.65,78.67,CONTINUOUS_TRADING,0.6666666666665088
IE00BZ12WP82,EUR,XETA,2022-09-02 07:14:55.978,278.0,484,CONTINUOUS_TRADING,-21,-1,326525,LIN,XETR,2022-09-02 07:14:54.978,2022-09-02 07:14:56.978,,,,,,,,,,
CH0012005267,CHF,XSWX,2022-09-02 07:14:58.304,78.67,314,CONTINUOUS_TRADING,-2,-1,323448,NOVN,XSWX,2022-09-02 07:14:57.304,2022-09-02 07:14:59.304,78.66,78.69,CONTINUOUS_TRADING,78.66,78.67,CONTINUOUS_TRADING,78.67,78.69,CONTINUOUS_TRADING,0.33333333333349124
BE0003851681,EUR,XBRU,2022-09-02 07:15:01.279,92.7,89,OPENING_AUCTION,11,1,328336,AED,XBRU,2022-09-02 07:15:00.279,2022-09-02 07:15:02.279,92.65,92.8,CONTINUOUS_TRADING,,,,,,,0.6666666666666666
BE0003851681,EUR,XBRU,2022-09-02 07:15:05.734,92.65,90,OPENING_AUCTION,15,1,328336,AED,XBRU,2022-09-02 07:15:04.734,2022-09-02 07:15:06.734,92.65,92.8,CONTINUOUS_TRADING,,,,,,,1.0
CH0012005267,CHF,XSWX,2022-09-02 07:15:09.043,78.64,315,CONTINUOUS_TRADING,-1,-1,323448,NOVN,XSWX,2022-09-02 07:15:08.043,2022-09-02 07:15:10.043,78.64,78.65,CONTINUOUS_TRADING,78.64,78.65,CONTINUOUS_TRADING,78.62,78.64,CONTINUOUS_TRADING,0.0
IE00BZ12WP82,EUR,XETA,2022-09-02 07:15:13.348,278.0,485,CONTINUOUS_TRADING,-21,-1,326525,LIN,XETR,2022-09-02 07:15:12.348,2022-09-02 07:15:14.348,,,,,,,,,,
DK0010244508,DKK,XCSE,2022-09-02 07:15:15.110,17000.0,76,OPENING_AUCTION,2,1,325453,MAERSK B,XCSE,2022-09-02 07:15:14.110,2022-09-02 07:15:16.110,,,,,,,,,,
CH0012005267,CHF,XSWX,2022-09-02 07:15:20.781,78.63,316,CONTINUOUS_TRADING,-1,-1,323448,NOVN,XSWX,2022-09-02 07:15:19.781,2022-09-02 07:15:21.781,78.62,78.63,CONTINUOUS_TRADING,78.61,78.62,CONTINUOUS_TRADING,78.65,78.67,CONTINUOUS_TRADING,1.0
CH0012005267,CHF,XSWX,2022-09-02 07:15:21.947,78.66,317,CONTINUOUS_TRADING,-1,-1,323448,NOVN,XSWX,2022-09-02 07:15:20.947,2022-09-02 07:15:22.947,78.65,78.67,CONTINUOUS_TRADING,78.65,78.66,CONTINUOUS_TRADING,,,,0.49999999999964473
DK0010244508,DKK,XCSE,2022-09-02 07:15:32.362,16990.0,77,OPENING_AUCTION,2,1,325453,MAERSK B,XCSE,2022-09-02 07:15:31.362,2022-09-02 07:15:33.362,,,,,,,,,,
CH0012005267,CHF,XSWX,2022-09-02 07:15:33.835,78.62,318,CONTINUOUS_TRADING,-1,-1,323448,NOVN,XSWX,2022-09-02 07:15:32.835,2022-09-02 07:15:34.835,78.62,78.64,CONTINUOUS_TRADING,78.62,78.64,CONTINUOUS_TRADING,78.62,78.63,CONTINUOUS_TRADING,0.0
IE00BZ12WP82,EUR,XETA,2022-09-02 07:15:44.911,278.05,486,CONTINUOUS_TRADING,-21,-1,326525,LIN,XETR,2022-09-02 07:15:43.911,2022-09-02 07:15:45.911,,,,,,,,,,
IE00BZ12WP82,EUR,XETA,2022-09-02 07:15:45.236,278.0,487,CONTINUOUS_TRADING,-77,-1,326525,LIN,XETR,2022-09-02 07:15:44.236,2022-09-02 07:15:46.236,,,,,,,,,,
IE00BZ12WP82,EUR,XETA,2022-09-02 07:15:47.566,278.0,488,CONTINUOUS_TRADING,-37,-1,326525,LIN,XETR,2022-09-02 07:15:46.566,2022-09-02 07:15:48.566,,,,,,,,,,
IE00BZ12WP82,EUR,XETA,2022-09-02 07:15:47.960,278.0,489,CONTINUOUS_TRADING,-124,-1,326525,LIN,XETR,2022-09-02 07:15:46.960,2022-09-02 07:15:48.960,,,,,,,,,,
IE00BZ12WP82,EUR,XETA,2022-09-02 07:15:48.211,278.0,491,CONTINUOUS_TRADING,-126,-1,326525,LIN,XETR,2022-09-02 07:15:47.211,2022-09-02 07:15:49.211,,,,,,,,,,
IE00BZ12WP82,EUR,XETA,2022-09-02 07:15:48.211,278.05,490,CONTINUOUS_TRADING,-47,-1,326525,LIN,XETR,2022-09-02 07:15:47.211,2022-09-02 07:15:49.211,,,,,,,,,,
IE00BZ12WP82,EUR,XETA,2022-09-02 07:15:48.534,278.0,492,CONTINUOUS_TRADING,-77,-1,326525,LIN,XETR,2022-09-02 07:15:47.534,2022-09-02 07:15:49.534,,,,,,,,,,
IE00BZ12WP82,EUR,XETA,2022-09-02 07:15:49.752,278.0,493,CONTINUOUS_TRADING,-6,-1,326525,LIN,XETR,2022-09-02 07:15:48.752,2022-09-02 07:15:50.752,,,,,,,,,,
IE00BZ12WP82,EUR,XETA,2022-09-02 07:15:54.500,278.0,494,CONTINUOUS_TRADING,-36,-1,326525,LIN,XETR,2022-09-02 07:15:53.500,2022-09-02 07:15:55.500,,,,,,,,,,
IE00BZ12WP82,EUR,XETA,2022-09-02 07:15:55.601,278.0,495,CONTINUOUS_TRADING,-138,-1,326525,LIN,XETR,2022-09-02 07:15:54.601,2022-09-02 07:15:56.601,,,,,,,,,,
DK0010244508,DKK,XCSE,2022-09-02 07:15:56.789,16985.0,78,OPENING_AUCTION,2,1,325453,MAERSK B,XCSE,2022-09-02 07:15:55.789,2022-09-02 07:15:57.789,,,,,,,,,,
DK0010244508,DKK,XCSE,2022-09-02 07:16:01.136,16965.0,79,OPENING_AUCTION,2,1,325453,MAERSK B,XCSE,2022-09-02 07:16:00.136,2022-09-02 07:16:02.136,,,,,,,,,,
DK0010244508,DKK,XCSE,2022-09-02 07:16:57.120,16990.0,80,OPENING_AUCTION,2,1,325453,MAERSK B,XCSE,2022-09-02 07:16:56.120,2022-09-02 07:16:58.120,,,,,,,,,,
IE00BZ12WP82,EUR,XETA,2022-09-02 07:17:41.840,278.0,496,CONTINUOUS_TRADING,-8,-1,326525,LIN,XETR,2022-09-02 07:17:40.840,2022-09-02 07:17:42.840,,,,,,,,,,
IE00BZ12WP82,EUR,XETA,2022-09-02 07:17:43.005,278.0,497,CONTINUOUS_TRADING,-14,-1,326525,LIN,XETR,2022-09-02 07:17:42.005,2022-09-02 07:17:44.005,,,,,,,,,,
IE00BZ12WP82,EUR,XETA,2022-09-02 07:17:43.341,278.0,498,CONTINUOUS_TRADING,-23,-1,326525,LIN,XETR,2022-09-02 07:17:42.341,2022-09-02 07:17:44.341,,,,,,,,,,
IE00BZ12WP82,EUR,XETA,2022-09-02 07:17:45.046,278.0,499,CONTINUOUS_TRADING,-13,-1,326525,LIN,XETR,2022-09-02 07:17:44.046,2022-09-02 07:17:46.046,,,,,,,,,,
IE00BZ12WP82,EUR,XETA,2022-09-02 07:17:48.666,278.0,500,CONTINUOUS_TRADING,-13,-1,326525,LIN,XETR,2022-09-02 07:17:47.666,2022-09-02 07:17:49.666,,,,,,,,,,
DE0008303504,EUR,XETA,2022-09-02 07:17:51.865,8.975,507,CONTINUOUS_TRADING,-217,-1,327489,TEG,XETR,2022-09-02 07:17:50.865,2022-09-02 07:17:52.865,,,,,,,,,,
IE00BZ12WP82,EUR,XETA,2022-09-02 07:18:14.332,278.0,501,CONTINUOUS_TRADING,-13,-1,326525,LIN,XETR,2022-09-02 07:18:13.332,2022-09-02 07:18:15.332,,,,,,,,,,
IE00BZ12WP82,EUR,XETA,2022-09-02 07:18:14.778,278.0,502,CONTINUOUS_TRADING,-13,-1,326525,LIN,XETR,2022-09-02 07:18:13.778,2022-09-02 07:18:15.778,,,,,,,,,,
DK0010244508,DKK,XCSE,2022-09-02 07:18:33.435,17000.0,81,OPENING_AUCTION,3,1,325453,MAERSK B,XCSE,2022-09-02 07:18:32.435,2022-09-02 07:18:34.435,,,,,,,,,,
IE00BZ12WP82,EUR,XETA,2022-09-02 07:18:36.007,278.0,503,CONTINUOUS_TRADING,-13,-1,326525,LIN,XETR,2022-09-02 07:18:35.007,2022-09-02 07:18:37.007,,,,,,,,,,
IE00BZ12WP82,EUR,XETA,2022-09-02 07:18:38.205,278.0,504,CONTINUOUS_TRADING,-13,-1,326525,LIN,XETR,2022-09-02 07:18:37.205,2022-09-02 07:18:39.205,,,,,,,,,,
DE0008303504,EUR,XETA,2022-09-02 07:19:03.529,9.005,508,CONTINUOUS_TRADING,-95,-1,327489,TEG,XETR,2022-09-02 07:19:02.529,2022-09-02 07:19:04.529,,,,,,,,,,
IE00BZ12WP82,EUR,XETA,2022-09-02 07:19:07.247,278.0,505,CONTINUOUS_TRADING,-13,-1,326525,LIN,XETR,2022-09-02 07:19:06.247,2022-09-02 07:19:08.247,,,,,,,,,,
IE00BZ12WP82,EUR,XETA,2022-09-02 07:19:09.747,278.0,506,CONTINUOUS_TRADING,-115,-1,326525,LIN,XETR,2022-09-02 07:19:08.747,2022-09-02 07:19:10.747,,,,,,,,,,
BE0003851681,EUR,XBRU,2022-09-02 07:19:30.125,92.75,91,OPENING_AUCTION,20,1,328336,AED,XBRU,2022-09-02 07:19:29.125,2022-09-02 07:19:31.125,92.7,92.9,CONTINUOUS_TRADING,,,,92.7,92.8,CONTINUOUS_TRADING,0.7500000000000178
DE000LEG1110,EUR,XETA,2022-09-02 07:19:30.539,73.8,776,CONTINUOUS_TRADING,26,1,327496,LEG,XETR,2022-09-02 07:19:29.539,2022-09-02 07:19:31.539,,,,,,,,,,
BE0003851681,EUR,XBRU,2022-09-02 07:19:39.090,92.5,92,OPENING_AUCTION,25,1,328336,AED,XBRU,2022-09-02 07:19:38.090,2022-09-02 07:19:40.090,92.45,92.7,CONTINUOUS_TRADING,,,,,,,0.8000000000000114
CH0363463438,CHF,XSWX,2022-09-02 07:19:48.356,14.35,337,CONTINUOUS_TRADING,-243,-1,329340,IDIA,XSWX,2022-09-02 07:19:47.356,2022-09-02 07:19:49.356,,,,,,,,,,
CH0363463438,CHF,XSWX,2022-09-02 07:19:48.356,14.35,336,CONTINUOUS_TRADING,-131,-1,329340,IDIA,XSWX,2022-09-02 07:19:47.356,2022-09-02 07:19:49.356,,,,,,,,,,
CH0012214059,CHF,XSWX,2022-09-02 07:19:52.421,43.75,1136,CONTINUOUS_TRADING,92,1,323496,HOLN,XSWX,2022-09-02 07:19:51.421,2022-09-02 07:19:53.421,43.75,43.77,CONTINUOUS_TRADING,43.75,43.77,CONTINUOUS_TRADING,43.72,43.75,CONTINUOUS_TRADING,1.0
CH0012214059,CHF,XSWX,2022-09-02 07:19:52.421,43.75,1135,CONTINUOUS_TRADING,35,1,323496,HOLN,XSWX,2022-09-02 07:19:51.421,2022-09-02 07:19:53.421,43.75,43.77,CONTINUOUS_TRADING,43.75,43.77,CONTINUOUS_TRADING,43.72,43.75,CONTINUOUS_TRADING,1.0
DE0008303504,EUR,XETA,2022-09-02 07:19:52.921,8.97,509,CONTINUOUS_TRADING,-223,-1,327489,TEG,XETR,2022-09-02 07:19:51.921,2022-09-02 07:19:53.921,,,,,,,,,,
CH0363463438,CHF,XSWX,2022-09-02 07:19:55.127,14.43,425,CONTINUOUS_TRADING,-136,-1,329340,IDIA,XSWX,2022-09-02 07:19:54.127,2022-09-02 07:19:56.127,,,,,,,,,,
CH0008742519,CHF,XSWX,2022-09-02 07:20:00.772,507.0,977,CONTINUOUS_TRADING,6,1,323472,SCMN,XSWX,2022-09-02 07:19:59.772,2022-09-02 07:20:01.772,507.0,507.2,CONTINUOUS_TRADING,,,,506.8,507.0,CONTINUOUS_TRADING,1.0
DE0007164600,EUR,XETA,2022-09-02 07:20:00.825,84.08,1025,CONTINUOUS_TRADING,156,1,326295,SAP,XETR,2022-09-02 07:19:59.825,2022-09-02 07:20:01.825,,,,,,,,,,
BE0974293251,EUR,XBRU,2022-09-02 07:20:00.900,48.055,1029,CONTINUOUS_TRADING,71,1,324162,ABI,XBRU,2022-09-02 07:19:59.900,2022-09-02 07:20:01.900,48.04,48.055,CONTINUOUS_TRADING,48.04,48.055,CONTINUOUS_TRADING,48.06,48.075,CONTINUOUS_TRADING,0.0
DE0007164600,EUR,XETA,2022-09-02 07:20:01.092,84.08,1026,CONTINUOUS_TRADING,43,1,326295,SAP,XETR,2022-09-02 07:20:00.092,2022-09-02 07:20:02.092,,,,,,,,,,
DK0061539921,DKK,XCSE,2022-09-02 07:20:06.518,176.0,1183,CONTINUOUS_TRADING,65,1,325460,VWS,XCSE,2022-09-02 07:20:05.518,2022-09-02 07:20:07.518,,,,,,,,,,
DK0061539921,DKK,XCSE,2022-09-02 07:20:06.518,176.0,1181,CONTINUOUS_TRADING,208,1,325460,VWS,XCSE,2022-09-02 07:20:05.518,2022-09-02 07:20:07.518,,,,,,,,,,
DK0061539921,DKK,XCSE,2022-09-02 07:20:06.518,176.0,1182,CONTINUOUS_TRADING,45,1,325460,VWS,XCSE,2022-09-02 07:20:05.518,2022-09-02 07:20:07.518,,,,,,,,,,
DK0061539921,DKK,XCSE,2022-09-02 07:20:06.518,176.0,1184,CONTINUOUS_TRADING,150,1,325460,VWS,XCSE,2022-09-02 07:20:05.518,2022-09-02 07:20:07.518,,,,,,,,,,
DK0061539921,DKK,XCSE,2022-09-02 07:20:06.783,176.1,1185,CONTINUOUS_TRADING,9,1,325460,VWS,XCSE,2022-09-02 07:20:05.783,2022-09-02 07:20:07.783,,,,,,,,,,
BE0974293251,EUR,XBRU,2022-09-02 07:20:06.901,48.085,1031,CONTINUOUS_TRADING,110,1,324162,ABI,XBRU,2022-09-02 07:20:05.901,2022-09-02 07:20:07.901,48.07,48.085,CONTINUOUS_TRADING,48.075,48.085,CONTINUOUS_TRADING,48.09,48.11,CONTINUOUS_TRADING,0.0
BE0974293251,EUR,XBRU,2022-09-02 07:20:06.901,48.085,1030,CONTINUOUS_TRADING,59,1,324162,ABI,XBRU,2022-09-02 07:20:05.901,2022-09-02 07:20:07.901,48.07,48.085,CONTINUOUS_TRADING,48.075,48.085,CONTINUOUS_TRADING,48.09,48.11,CONTINUOUS_TRADING,0.0
BE0974293251,EUR,XBRU,2022-09-02 07:20:07.161,48.085,1033,CONTINUOUS_TRADING,29,1,324162,ABI,XBRU,2022-09-02 07:20:06.161,2022-09-02 07:20:08.161,48.075,48.09,CONTINUOUS_TRADING,48.07,48.085,CONTINUOUS_TRADING,48.09,48.11,CONTINUOUS_TRADING,0.33333333333349124
BE0974293251,EUR,XBRU,2022-09-02 07:20:07.161,48.085,1032,CONTINUOUS_TRADING,6,1,324162,ABI,XBRU,2022-09-02 07:20:06.161,2022-09-02 07:20:08.161,48.075,48.09,CONTINUOUS_TRADING,48.07,48.085,CONTINUOUS_TRADING,48.09,48.11,CONTINUOUS_TRADING,0.33333333333349124
BE0974293251,EUR,XBRU,2022-09-02 07:20:07.745,48.1,1034,CONTINUOUS_TRADING,59,1,324162,ABI,XBRU,2022-09-02 07:20:06.745,2022-09-02 07:20:08.745,48.085,48.1,CONTINUOUS_TRADING,48.07,48.085,CONTINUOUS_TRADING,48.1,48.11,CONTINUOUS_TRADING,0.0
CH0244767585,CHF,XSWX,2022-09-02 07:20:10.540,15.195,1087,CONTINUOUS_TRADING,705,1,323411,UBSG,XSWX,2022-09-02 07:20:09.540,2022-09-02 07:20:11.540,,,,,,,,,,
CH0244767585,CHF,XSWX,2022-09-02 07:20:10.540,15.195,1090,CONTINUOUS_TRADING,723,1,323411,UBSG,XSWX,2022-09-02 07:20:09.540,2022-09-02 07:20:11.540,,,,,,,,,,
CH0244767585,CHF,XSWX,2022-09-02 07:20:10.540,15.195,1091,CONTINUOUS_TRADING,194,1,323411,UBSG,XSWX,2022-09-02 07:20:09.540,2022-09-02 07:20:11.540,,,,,,,,,,
CH0244767585,CHF,XSWX,2022-09-02 07:20:10.540,15.195,1088,CONTINUOUS_TRADING,775,1,323411,UBSG,XSWX,2022-09-02 07:20:09.540,2022-09-02 07:20:11.540,,,,,,,,,,
CH0244767585,CHF,XSWX,2022-09-02 07:20:10.540,15.195,1089,CONTINUOUS_TRADING,681,1,323411,UBSG,XSWX,2022-09-02 07:20:09.540,2022-09-02 07:20:11.540,,,,,,,,,,
DE000SHL1006,EUR,XETA,2022-09-02 07:20:25.826,48.84,1092,CONTINUOUS_TRADING,38,1,326490,SHL,XETR,2022-09-02 07:20:24.826,2022-09-02 07:20:26.826,,,,,,,,,,
DE000SHL1006,EUR,XETA,2022-09-02 07:20:30.516,48.83,1093,CONTINUOUS_TRADING,35,1,326490,SHL,XETR,2022-09-02 07:20:29.516,2022-09-02 07:20:31.516,,,,,,,,,,
BE0974293251,EUR,XBRU,2022-09-02 07:20:39.753,48.145,1035,CONTINUOUS_TRADING,42,1,324162,ABI,XBRU,2022-09-02 07:20:38.753,2022-09-02 07:20:40.753,48.14,48.155,CONTINUOUS_TRADING,48.145,48.155,CONTINUOUS_TRADING,48.135,48.155,CONTINUOUS_TRADING,0.6666666666665088
DE000SHL1006,EUR,XETA,2022-09-02 07:20:48.996,48.83,1094,CONTINUOUS_TRADING,17,1,326490,SHL,XETR,2022-09-02 07:20:47.996,2022-09-02 07:20:49.996,,,,,,,,,,
BE0974293251,EUR,XBRU,2022-09-02 07:20:54.784,48.145,1036,CONTINUOUS_TRADING,29,1,324162,ABI,XBRU,2022-09-02 07:20:53.784,2022-09-02 07:20:55.784,48.14,48.155,CONTINUOUS_TRADING,,,,48.13,48.145,CONTINUOUS_TRADING,0.6666666666665088
BE0974293251,EUR,XBRU,2022-09-02 07:20:57.046,48.13,1037,CONTINUOUS_TRADING,29,1,324162,ABI,XBRU,2022-09-02 07:20:56.046,2022-09-02 07:20:58.046,48.13,48.14,CONTINUOUS_TRADING,48.13,48.145,CONTINUOUS_TRADING,,,,1.0
CH0008742519,CHF,XSWX,2022-09-02 07:20:57.862,506.8,978,CONTINUOUS_TRADING,6,1,323472,SCMN,XSWX,2022-09-02 07:20:56.862,2022-09-02 07:20:58.862,506.8,507.0,CONTINUOUS_TRADING,506.8,507.2,CONTINUOUS_TRADING,506.6,507.0,CONTINUOUS_TRADING,1.0
DE0008303504,EUR,XETA,2022-09-02 07:21:00.708,8.995,510,CONTINUOUS_TRADING,-229,-1,327489,TEG,XETR,2022-09-02 07:20:59.708,2022-09-02 07:21:01.708,,,,,,,,,,
DK0060534915,DKK,XCSE,2022-09-02 07:21:01.447,781.2,1141,CONTINUOUS_TRADING,41,1,325561,NOVO B,XCSE,2022-09-02 07:21:00.447,2022-09-02 07:21:02.447,,,,,,,,,,
DK0060534915,DKK,XCSE,2022-09-02 07:21:01.835,781.2,1142,CONTINUOUS_TRADING,52,1,325561,NOVO B,XCSE,2022-09-02 07:21:00.835,2022-09-02 07:21:02.835,,,,,,,,,,
DE000SHL1006,EUR,XETA,2022-09-02 07:21:04.477,48.81,1095,CONTINUOUS_TRADING,42,1,326490,SHL,XETR,2022-09-02 07:21:03.477,2022-09-02 07:21:05.477,,,,,,,,,,
BE0974293251,EUR,XBRU,2022-09-02 07:21:07.529,48.12,1038,CONTINUOUS_TRADING,30,1,324162,ABI,XBRU,2022-09-02 07:21:06.529,2022-09-02 07:21:08.529,48.12,48.13,CONTINUOUS_TRADING,48.12,48.13,CONTINUOUS_TRADING,48.095,48.11,CONTINUOUS_TRADING,1.0
DE000SHL1006,EUR,XETA,2022-09-02 07:21:12.376,48.82,1096,CONTINUOUS_TRADING,21,1,326490,SHL,XETR,2022-09-02 07:21:11.376,2022-09-02 07:21:13.376,,,,,,,,,,
BE0974293251,EUR,XBRU,2022-09-02 07:21:16.452,48.11,1039,CONTINUOUS_TRADING,71,1,324162,ABI,XBRU,2022-09-02 07:21:15.452,2022-09-02 07:21:17.452,48.1,48.12,CONTINUOUS_TRADING,48.095,48.11,CONTINUOUS_TRADING,48.1,48.12,CONTINUOUS_TRADING,0.5
BE0974293251,EUR,XBRU,2022-09-02 07:21:16.452,48.11,1040,CONTINUOUS_TRADING,13,1,324162,ABI,XBRU,2022-09-02 07:21:15.452,2022-09-02 07:21:17.452,48.1,48.12,CONTINUOUS_TRADING,48.095,48.11,CONTINUOUS_TRADING,48.1,48.12,CONTINUOUS_TRADING,0.5
CH0012214059,CHF,XSWX,2022-09-02 07:21:22.534,43.9,1137,CONTINUOUS_TRADING,185,1,323496,HOLN,XSWX,2022-09-02 07:21:21.534,2022-09-02 07:21:23.534,43.89,43.92,CONTINUOUS_TRADING,43.9,43.92,CONTINUOUS_TRADING,43.89,43.91,CONTINUOUS_TRADING,0.6666666666667456
DE000SHL1006,EUR,XETA,2022-09-02 07:21:29.138,48.86,1097,CONTINUOUS_TRADING,24,1,326490,SHL,XETR,2022-09-02 07:21:28.138,2022-09-02 07:21:30.138,,,,,,,,,,
DE0008303504,EUR,XETA,2022-09-02 07:21:35.238,9.025,511,CONTINUOUS_TRADING,-189,-1,327489,TEG,XETR,2022-09-02 07:21:34.238,2022-09-02 07:21:36.238,,,,,,,,,,
DE000SHL1006,EUR,XETA,2022-09-02 07:21:41.509,48.87,1098,CONTINUOUS_TRADING,30,1,326490,SHL,XETR,2022-09-02 07:21:40.509,2022-09-02 07:21:42.509,,,,,,,,,,
DE000SHL1006,EUR,XETA,2022-09-02 07:22:01.936,48.9,1099,CONTINUOUS_TRADING,42,1,326490,SHL,XETR,2022-09-02 07:22:00.936,2022-09-02 07:22:02.936,,,,,,,,,,
DE000LEG1110,EUR,XETA,2022-09-02 07:22:03.975,73.9,777,CONTINUOUS_TRADING,21,1,327496,LEG,XETR,2022-09-02 07:22:02.975,2022-09-02 07:22:04.975,,,,,,,,,,
BE0974293251,EUR,XBRU,2022-09-02 07:22:13.063,48.145,1041,CONTINUOUS_TRADING,39,1,324162,ABI,XBRU,2022-09-02 07:22:12.063,2022-09-02 07:22:14.063,48.145,48.15,CONTINUOUS_TRADING,,,,,,,1.0
DE000SHL1006,EUR,XETA,2022-09-02 07:22:23.376,48.9,1100,CONTINUOUS_TRADING,35,1,326490,SHL,XETR,2022-09-02 07:22:22.376,2022-09-02 07:22:24.376,,,,,,,,,,
DK0060534915,DKK,XCSE,2022-09-02 07:22:23.611,780.3,1144,CONTINUOUS_TRADING,52,1,325561,NOVO B,XCSE,2022-09-02 07:22:22.611,2022-09-02 07:22:24.611,,,,,,,,,,
DK0060534915,DKK,XCSE,2022-09-02 07:22:23.611,780.3,1143,CONTINUOUS_TRADING,35,1,325561,NOVO B,XCSE,2022-09-02 07:22:22.611,2022-09-02 07:22:24.611,,,,,,,,,,
DK0060534915,DKK,XCSE,2022-09-02 07:22:23.611,780.3,1146,CONTINUOUS_TRADING,62,1,325561,NOVO B,XCSE,2022-09-02 07:22:22.611,2022-09-02 07:22:24.611,,,,,,,,,,
DK0060534915,DKK,XCSE,2022-09-02 07:22:23.611,780.3,1145,CONTINUOUS_TRADING,40,1,325561,NOVO B,XCSE,2022-09-02 07:22:22.611,2022-09-02 07:22:24.611,,,,,,,,,,
IE00BZ12WP82,EUR,XETA,2022-09-02 07:22:24.832,277.8,1244,CONTINUOUS_TRADING,-21,-1,326525,LIN,XETR,2022-09-02 07:22:23.832,2022-09-02 07:22:25.832,,,,,,,,,,
IE00BZ12WP82,EUR,XETA,2022-09-02 07:22:31.105,277.85,1245,CONTINUOUS_TRADING,-19,-1,326525,LIN,XETR,2022-09-02 07:22:30.105,2022-09-02 07:22:32.105,,,,,,,,,,
IE00BZ12WP82,EUR,XETA,2022-09-02 07:22:31.389,277.85,1246,CONTINUOUS_TRADING,-19,-1,326525,LIN,XETR,2022-09-02 07:22:30.389,2022-09-02 07:22:32.389,,,,,,,,,,
DE0008303504,EUR,XETA,2022-09-02 07:22:32.313,9.03,512,CONTINUOUS_TRADING,-238,-1,327489,TEG,XETR,2022-09-02 07:22:31.313,2022-09-02 07:22:33.313,,,,,,,,,,
BE0974293251,EUR,XBRU,2022-09-02 07:22:40.735,48.175,1042,CONTINUOUS_TRADING,31,1,324162,ABI,XBRU,2022-09-02 07:22:39.735,2022-09-02 07:22:41.735,48.175,48.19,CONTINUOUS_TRADING,48.175,48.19,CONTINUOUS_TRADING,48.175,48.185,CONTINUOUS_TRADING,1.0
DK0060534915,DKK,XCSE,2022-09-02 07:22:46.507,781.4,1147,CONTINUOUS_TRADING,74,1,325561,NOVO B,XCSE,2022-09-02 07:22:45.507,2022-09-02 07:22:47.507,,,,,,,,,,
DK0060534915,DKK,XCSE,2022-09-02 07:22:47.457,781.5,1148,CONTINUOUS_TRADING,1,1,325561,NOVO B,XCSE,2022-09-02 07:22:46.457,2022-09-02 07:22:48.457,,,,,,,,,,
IE00BZ12WP82,EUR,XETA,2022-09-02 07:22:54.513,277.85,1248,CONTINUOUS_TRADING,-187,-1,326525,LIN,XETR,2022-09-02 07:22:53.513,2022-09-02 07:22:55.513,,,,,,,,,,
IE00BZ12WP82,EUR,XETA,2022-09-02 07:22:54.513,277.9,1247,CONTINUOUS_TRADING,-38,-1,326525,LIN,XETR,2022-09-02 07:22:53.513,2022-09-02 07:22:55.513,,,,,,,,,,
IE00BZ12WP82,EUR,XETA,2022-09-02 07:22:55.472,277.85,1249,CONTINUOUS_TRADING,-8,-1,326525,LIN,XETR,2022-09-02 07:22:54.472,2022-09-02 07:22:56.472,,,,,,,,,,
BE0974293251,EUR,XBRU,2022-09-02 07:22:57.155,48.215,1043,CONTINUOUS_TRADING,22,1,324162,ABI,XBRU,2022-09-02 07:22:56.155,2022-09-02 07:22:58.155,48.21,48.23,CONTINUOUS_TRADING,48.215,48.23,CONTINUOUS_TRADING,48.225,48.24,CONTINUOUS_TRADING,0.7499999999998224
DE000LEG1110,EUR,XETA,2022-09-02 07:22:58.847,73.98,778,CONTINUOUS_TRADING,15,1,327496,LEG,XETR,2022-09-02 07:22:57.847,2022-09-02 07:22:59.847,,,,,,,,,,
CH0363463438,CHF,XSWX,2022-09-02 07:22:59.590,14.41,338,CONTINUOUS_TRADING,-172,-1,329340,IDIA,XSWX,2022-09-02 07:22:58.590,2022-09-02 07:23:00.590,,,,,,,,,,
CH0363463438,CHF,XSWX,2022-09-02 07:22:59.590,14.41,426,CONTINUOUS_TRADING,-93,-1,329340,IDIA,XSWX,2022-09-02 07:22:58.590,2022-09-02 07:23:00.590,,,,,,,,,,
DE0008303504,EUR,XETA,2022-09-02 07:23:04.459,9.02,513,CONTINUOUS_TRADING,-174,-1,327489,TEG,XETR,2022-09-02 07:23:03.459,2022-09-02 07:23:05.459,,,,,,,,,,
DE000SHL1006,EUR,XETA,2022-09-02 07:23:09.528,48.96,1101,CONTINUOUS_TRADING,45,1,326490,SHL,XETR,2022-09-02 07:23:08.528,2022-09-02 07:23:10.528,,,,,,,,,,
BE0974293251,EUR,XBRU,2022-09-02 07:23:09.558,48.225,1044,CONTINUOUS_TRADING,38,1,324162,ABI,XBRU,2022-09-02 07:23:08.558,2022-09-02 07:23:10.558,48.215,48.235,CONTINUOUS_TRADING,,,,48.2,48.215,CONTINUOUS_TRADING,0.5
BE0974293251,EUR,XBRU,2022-09-02 07:23:24.990,48.2,1045,CONTINUOUS_TRADING,25,1,324162,ABI,XBRU,2022-09-02 07:23:23.990,2022-09-02 07:23:25.990,48.195,48.215,CONTINUOUS_TRADING,48.2,48.215,CONTINUOUS_TRADING,48.16,48.185,CONTINUOUS_TRADING,0.7499999999999112
BE0974293251,EUR,XBRU,2022-09-02 07:23:28.106,48.165,1046,CONTINUOUS_TRADING,25,1,324162,ABI,XBRU,2022-09-02 07:23:27.106,2022-09-02 07:23:29.106,48.165,48.175,CONTINUOUS_TRADING,48.165,48.175,CONTINUOUS_TRADING,48.165,48.185,CONTINUOUS_TRADING,1.0
CH0008742519,CHF,XSWX,2022-09-02 07:23:29.687,508.0,979,CONTINUOUS_TRADING,7,1,323472,SCMN,XSWX,2022-09-02 07:23:28.687,2022-09-02 07:23:30.687,507.8,508.4,CONTINUOUS_TRADING,,,,507.8,508.2,CONTINUOUS_TRADING,0.6666666666666666
BE0974293251,EUR,XBRU,2022-09-02 07:23:31.162,48.175,1047,CONTINUOUS_TRADING,83,1,324162,ABI,XBRU,2022-09-02 07:23:30.162,2022-09-02 07:23:32.162,48.16,48.175,CONTINUOUS_TRADING,48.16,48.185,CONTINUOUS_TRADING,48.18,48.19,CONTINUOUS_TRADING,0.0
BE0974293251,EUR,XBRU,2022-09-02 07:23:31.825,48.185,1048,CONTINUOUS_TRADING,125,1,324162,ABI,XBRU,2022-09-02 07:23:30.825,2022-09-02 07:23:32.825,48.17,48.19,CONTINUOUS_TRADING,48.16,48.175,CONTINUOUS_TRADING,48.18,48.19,CONTINUOUS_TRADING,0.24999999999982236
BE0974293251,EUR,XBRU,2022-09-02 07:23:38.748,48.18,1049,CONTINUOUS_TRADING,35,1,324162,ABI,XBRU,2022-09-02 07:23:37.748,2022-09-02 07:23:39.748,48.18,48.19,CONTINUOUS_TRADING,,,,48.17,48.19,CONTINUOUS_TRADING,1.0
DE000SHL1006,EUR,XETA,2022-09-02 07:24:07.873,49.0,1102,CONTINUOUS_TRADING,39,1,326490,SHL,XETR,2022-09-02 07:24:06.873,2022-09-02 07:24:08.873,,,,,,,,,,
BE0974293251,EUR,XBRU,2022-09-02 07:24:17.385,48.185,1050,CONTINUOUS_TRADING,43,1,324162,ABI,XBRU,2022-09-02 07:24:16.385,2022-09-02 07:24:18.385,48.185,48.195,CONTINUOUS_TRADING,,,,48.17,48.19,CONTINUOUS_TRADING,1.0
BE0974293251,EUR,XBRU,2022-09-02 07:24:17.440,48.185,1051,CONTINUOUS_TRADING,44,1,324162,ABI,XBRU,2022-09-02 07:24:16.440,2022-09-02 07:24:18.440,48.185,48.19,CONTINUOUS_TRADING,,,,48.17,48.19,CONTINUOUS_TRADING,1.0
DE000SHL1006,EUR,XETA,2022-09-02 07:24:25.592,49.07,1103,CONTINUOUS_TRADING,35,1,326490,SHL,XETR,2022-09-02 07:24:24.592,2022-09-02 07:24:26.592,,,,,,,,,,
BE0974293251,EUR,XBRU,2022-09-02 07:24:33.751,48.18,1052,CONTINUOUS_TRADING,34,1,324162,ABI,XBRU,2022-09-02 07:24:32.751,2022-09-02 07:24:34.751,48.18,48.195,CONTINUOUS_TRADING,,,,48.17,48.185,CONTINUOUS_TRADING,1.0
BE0003593044,EUR,XBRU,2022-09-02 07:24:33.976,99.45,1188,CONTINUOUS_TRADING,14,1,324084,COFB,XBRU,2022-09-02 07:24:32.976,2022-09-02 07:24:34.976,99.45,99.55,CONTINUOUS_TRADING,,,,,,,1.0
DE000SHL1006,EUR,XETA,2022-09-02 07:24:42.158,49.09,1104,CONTINUOUS_TRADING,42,1,326490,SHL,XETR,2022-09-02 07:24:41.158,2022-09-02 07:24:43.158,,,,,,,,,,
DK0060534915,DKK,XCSE,2022-09-02 07:24:48.129,781.6,1149,CONTINUOUS_TRADING,30,1,325561,NOVO B,XCSE,2022-09-02 07:24:47.129,2022-09-02 07:24:49.129,,,,,,,,,,
DE000LEG1110,EUR,XETA,2022-09-02 07:24:48.158,73.96,779,CONTINUOUS_TRADING,15,1,327496,LEG,XETR,2022-09-02 07:24:47.158,2022-09-02 07:24:49.158,,,,,,,,,,
BE0974293251,EUR,XBRU,2022-09-02 07:24:48.172,48.15,1053,CONTINUOUS_TRADING,32,1,324162,ABI,XBRU,2022-09-02 07:24:47.172,2022-09-02 07:24:49.172,48.14,48.155,CONTINUOUS_TRADING,,,,48.15,48.165,CONTINUOUS_TRADING,0.33333333333349124
DK0060534915,DKK,XCSE,2022-09-02 07:24:48.743,781.6,1151,CONTINUOUS_TRADING,24,1,325561,NOVO B,XCSE,2022-09-02 07:24:47.743,2022-09-02 07:24:49.743,,,,,,,,,,
DK0060534915,DKK,XCSE,2022-09-02 07:24:48.743,781.6,1150,CONTINUOUS_TRADING,3,1,325561,NOVO B,XCSE,2022-09-02 07:24:47.743,2022-09-02 07:24:49.743,,,,,,,,,,
DE000SHL1006,EUR,XETA,2022-09-02 07:24:53.138,49.06,1105,CONTINUOUS_TRADING,36,1,326490,SHL,XETR,2022-09-02 07:24:52.138,2022-09-02 07:24:54.138,,,,,,,,,,
DK0060534915,DKK,XCSE,2022-09-02 07:24:53.929,782.1,1152,CONTINUOUS_TRADING,22,1,325561,NOVO B,XCSE,2022-09-02 07:24:52.929,2022-09-02 07:24:54.929,,,,,,,,,,
DK0060534915,DKK,XCSE,2022-09-02 07:24:54.187,782.2,1153,CONTINUOUS_TRADING,37,1,325561,NOVO B,XCSE,2022-09-02 07:24:53.187,2022-09-02 07:24:55.187,,,,,,,,,,
DK0060534915,DKK,XCSE,2022-09-02 07:24:54.464,782.4,1154,CONTINUOUS_TRADING,80,1,325561,NOVO B,XCSE,2022-09-02 07:24:53.464,2022-09-02 07:24:55.464,,,,,,,,,,
BE0003851681,EUR,XBRU,2022-09-02 07:25:02.559,92.75,93,OPENING_AUCTION,21,1,328336,AED,XBRU,2022-09-02 07:25:01.559,2022-09-02 07:25:03.559,92.7,92.95,CONTINUOUS_TRADING,,,,,,,0.8000000000000114
DE000SHL1006,EUR,XETA,2022-09-02 07:25:08.762,49.07,1106,CONTINUOUS_TRADING,26,1,326490,SHL,XETR,2022-09-02 07:25:07.762,2022-09-02 07:25:09.762,,,,,,,,,,
BE0974293251,EUR,XBRU,2022-09-02 07:25:15.339,48.175,1054,CONTINUOUS_TRADING,10,1,324162,ABI,XBRU,2022-09-02 07:25:14.339,2022-09-02 07:25:16.339,48.175,48.185,CONTINUOUS_TRADING,,,,48.155,48.175,CONTINUOUS_TRADING,1.0
BE0974293251,EUR,XBRU,2022-09-02 07:25:15.339,48.175,1055,CONTINUOUS_TRADING,23,1,324162,ABI,XBRU,2022-09-02 07:25:14.339,2022-09-02 07:25:16.339,48.175,48.185,CONTINUOUS_TRADING,,,,48.155,48.175,CONTINUOUS_TRADING,1.0
CH0008742519,CHF,XSWX,2022-09-02 07:25:16.047,508.6,980,CONTINUOUS_TRADING,6,1,323472,SCMN,XSWX,2022-09-02 07:25:15.047,2022-09-02 07:25:17.047,508.4,509.0,CONTINUOUS_TRADING,508.6,509.0,CONTINUOUS_TRADING,,,,0.6666666666666035
DE000SHL1006,EUR,XETA,2022-09-02 07:25:28.678,49.06,1107,CONTINUOUS_TRADING,33,1,326490,SHL,XETR,2022-09-02 07:25:27.678,2022-09-02 07:25:29.678,,,,,,,,,,
DE0007164600,EUR,XETA,2022-09-02 07:25:32.348,84.4,1027,CONTINUOUS_TRADING,5,1,326295,SAP,XETR,2022-09-02 07:25:31.348,2022-09-02 07:25:33.348,,,,,,,,,,
DE0007164600,EUR,XETA,2022-09-02 07:25:33.079,84.4,1028,CONTINUOUS_TRADING,20,1,326295,SAP,XETR,2022-09-02 07:25:32.079,2022-09-02 07:25:34.079,,,,,,,,,,
BE0974293251,EUR,XBRU,2022-09-02 07:25:33.720,48.175,1056,CONTINUOUS_TRADING,38,1,324162,ABI,XBRU,2022-09-02 07:25:32.720,2022-09-02 07:25:34.720,48.17,48.175,CONTINUOUS_TRADING,,,,,,,0.0
BE0974293251,EUR,XBRU,2022-09-02 07:25:39.100,48.155,1057,CONTINUOUS_TRADING,35,1,324162,ABI,XBRU,2022-09-02 07:25:38.100,2022-09-02 07:25:40.100,48.15,48.165,CONTINUOUS_TRADING,,,,48.145,48.155,CONTINUOUS_TRADING,0.6666666666665088
BE0974293251,EUR,XBRU,2022-09-02 07:25:42.750,48.14,1058,CONTINUOUS_TRADING,24,1,324162,ABI,XBRU,2022-09-02 07:25:41.750,2022-09-02 07:25:43.750,48.135,48.145,CONTINUOUS_TRADING,48.145,48.155,CONTINUOUS_TRADING,48.13,48.14,CONTINUOUS_TRADING,0.5
CH0008742519,CHF,XSWX,2022-09-02 07:25:44.678,508.4,981,CONTINUOUS_TRADING,2,1,323472,SCMN,XSWX,2022-09-02 07:25:43.678,2022-09-02 07:25:45.678,508.2,508.8,CONTINUOUS_TRADING,,,,508.0,508.4,CONTINUOUS_TRADING,0.6666666666666983
BE0974293251,EUR,XBRU,2022-09-02 07:25:47.950,48.14,1060,CONTINUOUS_TRADING,116,1,324162,ABI,XBRU,2022-09-02 07:25:46.950,2022-09-02 07:25:48.950,48.125,48.145,CONTINUOUS_TRADING,,,,48.135,48.145,CONTINUOUS_TRADING,0.2500000000000888
BE0974293251,EUR,XBRU,2022-09-02 07:25:47.950,48.14,1059,CONTINUOUS_TRADING,125,1,324162,ABI,XBRU,2022-09-02 07:25:46.950,2022-09-02 07:25:48.950,48.125,48.145,CONTINUOUS_TRADING,,,,48.135,48.145,CONTINUOUS_TRADING,0.2500000000000888
BE0974293251,EUR,XBRU,2022-09-02 07:25:48.596,48.145,1061,CONTINUOUS_TRADING,68,1,324162,ABI,XBRU,2022-09-02 07:25:47.596,2022-09-02 07:25:49.596,48.13,48.145,CONTINUOUS_TRADING,48.125,48.145,CONTINUOUS_TRADING,48.13,48.14,CONTINUOUS_TRADING,0.0
BE0974293251,EUR,XBRU,2022-09-02 07:25:49.080,48.135,1062,CONTINUOUS_TRADING,3,1,324162,ABI,XBRU,2022-09-02 07:25:48.080,2022-09-02 07:25:50.080,48.135,48.145,CONTINUOUS_TRADING,48.135,48.145,CONTINUOUS_TRADING,48.115,48.13,CONTINUOUS_TRADING,1.0
CH0012214059,CHF,XSWX,2022-09-02 07:25:49.205,44.13,1138,CONTINUOUS_TRADING,44,1,323496,HOLN,XSWX,2022-09-02 07:25:48.205,2022-09-02 07:25:50.205,44.12,44.15,CONTINUOUS_TRADING,,,,44.11,44.13,CONTINUOUS_TRADING,0.6666666666665088
BE0974293251,EUR,XBRU,2022-09-02 07:25:49.219,48.135,1063,CONTINUOUS_TRADING,36,1,324162,ABI,XBRU,2022-09-02 07:25:48.219,2022-09-02 07:25:50.219,48.13,48.145,CONTINUOUS_TRADING,48.135,48.145,CONTINUOUS_TRADING,48.115,48.13,CONTINUOUS_TRADING,0.6666666666669825
DE000SHL1006,EUR,XETA,2022-09-02 07:25:49.621,49.07,1108,CONTINUOUS_TRADING,40,1,326490,SHL,XETR,2022-09-02 07:25:48.621,2022-09-02 07:25:50.621,,,,,,,,,,
DE000LEG1110,EUR,XETA,2022-09-02 07:25:49.766,73.84,780,CONTINUOUS_TRADING,14,1,327496,LEG,XETR,2022-09-02 07:25:48.766,2022-09-02 07:25:50.766,,,,,,,,,,
DE000SHL1006,EUR,XETA,2022-09-02 07:25:58.531,49.06,1109,CONTINUOUS_TRADING,31,1,326490,SHL,XETR,2022-09-02 07:25:57.531,2022-09-02 07:25:59.531,,,,,,,,,,
BE0974293251,EUR,XBRU,2022-09-02 07:26:00.951,48.12,1064,CONTINUOUS_TRADING,57,1,324162,ABI,XBRU,2022-09-02 07:25:59.951,2022-09-02 07:26:01.951,48.11,48.12,CONTINUOUS_TRADING,48.11,48.12,CONTINUOUS_TRADING,48.125,48.135,CONTINUOUS_TRADING,0.0
DE000SHL1006,EUR,XETA,2022-09-02 07:26:01.614,49.09,1110,CONTINUOUS_TRADING,36,1,326490,SHL,XETR,2022-09-02 07:26:00.614,2022-09-02 07:26:02.614,,,,,,,,,,
BE0974293251,EUR,XBRU,2022-09-02 07:26:01.747,48.13,1065,CONTINUOUS_TRADING,103,1,324162,ABI,XBRU,2022-09-02 07:26:00.747,2022-09-02 07:26:02.747,48.12,48.135,CONTINUOUS_TRADING,48.11,48.12,CONTINUOUS_TRADING,48.13,48.135,CONTINUOUS_TRADING,0.3333333333330175
DE000SHL1006,EUR,XETA,2022-09-02 07:26:06.575,49.06,1111,CONTINUOUS_TRADING,32,1,326490,SHL,XETR,2022-09-02 07:26:05.575,2022-09-02 07:26:07.575,,,,,,,,,,
BE0974293251,EUR,XBRU,2022-09-02 07:26:09.316,48.12,1066,CONTINUOUS_TRADING,43,1,324162,ABI,XBRU,2022-09-02 07:26:08.316,2022-09-02 07:26:10.316,48.115,48.13,CONTINUOUS_TRADING,,,,,,,0.6666666666669825
DE000SHL1006,EUR,XETA,2022-09-02 07:26:12.928,49.06,1112,CONTINUOUS_TRADING,125,1,326490,SHL,XETR,2022-09-02 07:26:11.928,2022-09-02 07:26:13.928,,,,,,,,,,
DE000SHL1006,EUR,XETA,2022-09-02 07:26:13.175,49.03,1113,CONTINUOUS_TRADING,110,1,326490,SHL,XETR,2022-09-02 07:26:12.175,2022-09-02 07:26:14.175,,,,,,,,,,
BE0003851681,EUR,XBRU,2022-09-02 07:26:13.225,92.6,94,OPENING_AUCTION,11,1,328336,AED,XBRU,2022-09-02 07:26:12.225,2022-09-02 07:26:14.225,92.55,92.7,CONTINUOUS_TRADING,,,,,,,0.6666666666666983
CH0008742519,CHF,XSWX,2022-09-02 07:26:21.400,508.4,982,CONTINUOUS_TRADING,5,1,323472,SCMN,XSWX,2022-09-02 07:26:20.400,2022-09-02 07:26:22.400,508.4,508.6,CONTINUOUS_TRADING,508.4,508.6,CONTINUOUS_TRADING,,,,1.0
DE000SHL1006,EUR,XETA,2022-09-02 07:26:32.342,49.05,1114,CONTINUOUS_TRADING,35,1,326490,SHL,XETR,2022-09-02 07:26:31.342,2022-09-02 07:26:33.342,,,,,,,,,,
BE0974293251,EUR,XBRU,2022-09-02 07:26:32.351,48.13,1067,CONTINUOUS_TRADING,27,1,324162,ABI,XBRU,2022-09-02 07:26:31.351,2022-09-02 07:26:33.351,48.125,48.14,CONTINUOUS_TRADING,,,,48.12,48.14,CONTINUOUS_TRADING,0.6666666666665088
BE0974293251,EUR,XBRU,2022-09-02 07:26:36.955,48.13,1068,CONTINUOUS_TRADING,85,1,324162,ABI,XBRU,2022-09-02 07:26:35.955,2022-09-02 07:26:37.955,48.115,48.13,CONTINUOUS_TRADING,,,,48.125,48.14,CONTINUOUS_TRADING,0.0
DE000SHL1006,EUR,XETA,2022-09-02 07:26:45.097,49.05,1115,CONTINUOUS_TRADING,35,1,326490,SHL,XETR,2022-09-02 07:26:44.097,2022-09-02 07:26:46.097,,,,,,,,,,
DE0008303504,EUR,XETA,2022-09-02 07:26:53.424,8.98,514,CONTINUOUS_TRADING,-342,-1,327489,TEG,XETR,2022-09-02 07:26:52.424,2022-09-02 07:26:54.424,,,,,,,,,,
DE000SHL1006,EUR,XETA,2022-09-02 07:26:55.440,49.09,1116,CONTINUOUS_TRADING,154,1,326490,SHL,XETR,2022-09-02 07:26:54.440,2022-09-02 07:26:56.440,,,,,,,,,,
BE0974293251,EUR,XBRU,2022-09-02 07:27:07.144,48.12,1069,CONTINUOUS_TRADING,3,1,324162,ABI,XBRU,2022-09-02 07:27:06.144,2022-09-02 07:27:08.144,48.12,48.135,CONTINUOUS_TRADING,,,,48.115,48.125,CONTINUOUS_TRADING,1.0
BE0974293251,EUR,XBRU,2022-09-02 07:27:07.144,48.12,1070,CONTINUOUS_TRADING,36,1,324162,ABI,XBRU,2022-09-02 07:27:06.144,2022-09-02 07:27:08.144,48.12,48.135,CONTINUOUS_TRADING,,,,48.115,48.125,CONTINUOUS_TRADING,1.0
DE000SHL1006,EUR,XETA,2022-09-02 07:27:15.597,49.11,1117,CONTINUOUS_TRADING,29,1,326490,SHL,XETR,2022-09-02 07:27:14.597,2022-09-02 07:27:16.597,,,,,,,,,,
DE000SHL1006,EUR,XETA,2022-09-02 07:27:17.628,49.13,1118,CONTINUOUS_TRADING,420,1,326490,SHL,XETR,2022-09-02 07:27:16.628,2022-09-02 07:27:18.628,,,,,,,,,,
CH0008742519,CHF,XSWX,2022-09-02 07:27:20.197,508.4,983,CONTINUOUS_TRADING,11,1,323472,SCMN,XSWX,2022-09-02 07:27:19.197,2022-09-02 07:27:21.197,508.4,508.8,CONTINUOUS_TRADING,508.4,508.8,CONTINUOUS_TRADING,508.4,508.8,CONTINUOUS_TRADING,1.0
BE0974293251,EUR,XBRU,2022-09-02 07:27:21.136,48.115,1071,CONTINUOUS_TRADING,30,1,324162,ABI,XBRU,2022-09-02 07:27:20.136,2022-09-02 07:27:22.136,48.11,48.125,CONTINUOUS_TRADING,48.115,48.125,CONTINUOUS_TRADING,48.095,48.115,CONTINUOUS_TRADING,0.6666666666665088
DE000SHL1006,EUR,XETA,2022-09-02 07:27:22.509,49.11,1119,CONTINUOUS_TRADING,25,1,326490,SHL,XETR,2022-09-02 07:27:21.509,2022-09-02 07:27:23.509,,,,,,,,,,
BE0974293251,EUR,XBRU,2022-09-02 07:27:26.959,48.1,1072,CONTINUOUS_TRADING,125,1,324162,ABI,XBRU,2022-09-02 07:27:25.959,2022-09-02 07:27:27.959,48.08,48.105,CONTINUOUS_TRADING,48.09,48.105,CONTINUOUS_TRADING,48.1,48.11,CONTINUOUS_TRADING,0.19999999999982948
BE0974293251,EUR,XBRU,2022-09-02 07:27:27.460,48.105,1073,CONTINUOUS_TRADING,3,1,324162,ABI,XBRU,2022-09-02 07:27:26.460,2022-09-02 07:27:28.460,48.09,48.11,CONTINUOUS_TRADING,48.08,48.1,CONTINUOUS_TRADING,48.095,48.11,CONTINUOUS_TRADING,0.25000000000017764
BE0974293251,EUR,XBRU,2022-09-02 07:27:46.920,48.1,1074,CONTINUOUS_TRADING,28,1,324162,ABI,XBRU,2022-09-02 07:27:45.920,2022-09-02 07:27:47.920,48.1,48.105,CONTINUOUS_TRADING,,,,48.1,48.11,CONTINUOUS_TRADING,1.0
DE000SHL1006,EUR,XETA,2022-09-02 07:27:49.203,49.11,1120,CONTINUOUS_TRADING,45,1,326490,SHL,XETR,2022-09-02 07:27:48.203,2022-09-02 07:27:50.203,,,,,,,,,,
CH0012214059,CHF,XSWX,2022-09-02 07:27:53.563,44.07,1139,CONTINUOUS_TRADING,16,1,323496,HOLN,XSWX,2022-09-02 07:27:52.563,2022-09-02 07:27:54.563,44.07,44.09,CONTINUOUS_TRADING,,,,44.05,44.08,CONTINUOUS_TRADING,1.0
DE000SHL1006,EUR,XETA,2022-09-02 07:27:54.238,49.07,1121,CONTINUOUS_TRADING,27,1,326490,SHL,XETR,2022-09-02 07:27:53.238,2022-09-02 07:27:55.238,,,,,,,,,,
BE0003851681,EUR,XBRU,2022-09-02 07:27:56.226,92.4,95,OPENING_AUCTION,11,1,328336,AED,XBRU,2022-09-02 07:27:55.226,2022-09-02 07:27:57.226,92.35,92.5,CONTINUOUS_TRADING,,,,92.25,92.45,CONTINUOUS_TRADING,0.6666666666666035
CH0008742519,CHF,XSWX,2022-09-02 07:28:01.460,508.6,984,CONTINUOUS_TRADING,5,1,323472,SCMN,XSWX,2022-09-02 07:28:00.460,2022-09-02 07:28:02.460,508.6,508.8,CONTINUOUS_TRADING,508.6,509.0,CONTINUOUS_TRADING,508.2,508.6,CONTINUOUS_TRADING,1.0
BE0003593044,EUR,XBRU,2022-09-02 07:28:02.182,99.3,1189,CONTINUOUS_TRADING,11,1,324084,COFB,XBRU,2022-09-02 07:28:01.182,2022-09-02 07:28:03.182,99.2,99.4,CONTINUOUS_TRADING,,,,99.2,99.3,CONTINUOUS_TRADING,0.5000000000000355
DE000SHL1006,EUR,XETA,2022-09-02 07:28:05.235,49.05,1122,CONTINUOUS_TRADING,42,1,326490,SHL,XETR,2022-09-02 07:28:04.235,2022-09-02 07:28:06.235,,,,,,,,,,
DE0008303504,EUR,XETA,2022-09-02 07:28:09.866,8.98,515,CONTINUOUS_TRADING,-186,-1,327489,TEG,XETR,2022-09-02 07:28:08.866,2022-09-02 07:28:10.866,,,,,,,,,,
CH0012214059,CHF,XSWX,2022-09-02 07:28:11.936,44.11,1140,CONTINUOUS_TRADING,121,1,323496,HOLN,XSWX,2022-09-02 07:28:10.936,2022-09-02 07:28:12.936,44.11,44.12,CONTINUOUS_TRADING,44.1,44.12,CONTINUOUS_TRADING,44.09,44.12,CONTINUOUS_TRADING,1.0
DE000SHL1006,EUR,XETA,2022-09-02 07:28:13.175,48.99,1123,CONTINUOUS_TRADING,27,1,326490,SHL,XETR,2022-09-02 07:28:12.175,2022-09-02 07:28:14.175,,,,,,,,,,
BE0974293251,EUR,XBRU,2022-09-02 07:28:14.286,48.115,1075,CONTINUOUS_TRADING,33,1,324162,ABI,XBRU,2022-09-02 07:28:13.286,2022-09-02 07:28:15.286,48.115,48.125,CONTINUOUS_TRADING,,,,,,,1.0
DE000SHL1006,EUR,XETA,2022-09-02 07:28:26.197,48.97,1124,CONTINUOUS_TRADING,35,1,326490,SHL,XETR,2022-09-02 07:28:25.197,2022-09-02 07:28:27.197,,,,,,,,,,
CH0363463438,CHF,XSWX,2022-09-02 07:28:29.899,14.4,427,CONTINUOUS_TRADING,-106,-1,329340,IDIA,XSWX,2022-09-02 07:28:28.899,2022-09-02 07:28:30.899,,,,,,,,,,
CH0363463438,CHF,XSWX,2022-09-02 07:28:29.899,14.4,339,CONTINUOUS_TRADING,-130,-1,329340,IDIA,XSWX,2022-09-02 07:28:28.899,2022-09-02 07:28:30.899,,,,,,,,,,
DE0006305006,EUR,XETA,2022-09-02 07:28:35.894,3.63,12,OPENING_AUCTION,-347,-1,331530,DEZ,XETR,2022-09-02 07:28:34.894,2022-09-02 07:28:36.894,,,,,,,,,,
DE000SHL1006,EUR,XETA,2022-09-02 07:28:41.109,48.99,1125,CONTINUOUS_TRADING,29,1,326490,SHL,XETR,2022-09-02 07:28:40.109,2022-09-02 07:28:42.109,,,,,,,,,,
BE0974293251,EUR,XBRU,2022-09-02 07:28:48.206,48.11,1076,CONTINUOUS_TRADING,43,1,324162,ABI,XBRU,2022-09-02 07:28:47.206,2022-09-02 07:28:49.206,48.1,48.12,CONTINUOUS_TRADING,,,,,,,0.5
DE000SHL1006,EUR,XETA,2022-09-02 07:28:54.713,49.11,1126,CONTINUOUS_TRADING,33,1,326490,SHL,XETR,2022-09-02 07:28:53.713,2022-09-02 07:28:55.713,,,,,,,,,,
CH0363463438,CHF,XSWX,2022-09-02 07:28:59.211,14.42,428,CONTINUOUS_TRADING,-45,-1,329340,IDIA,XSWX,2022-09-02 07:28:58.211,2022-09-02 07:29:00.211,,,,,,,,,,
CH0363463438,CHF,XSWX,2022-09-02 07:28:59.211,14.42,340,CONTINUOUS_TRADING,-159,-1,329340,IDIA,XSWX,2022-09-02 07:28:58.211,2022-09-02 07:29:00.211,,,,,,,,,,
CH0363463438,CHF,XSWX,2022-09-02 07:28:59.572,14.42,429,CONTINUOUS_TRADING,-29,-1,329340,IDIA,XSWX,2022-09-02 07:28:58.572,2022-09-02 07:29:00.572,,,,,,,,,,
DE000SHL1006,EUR,XETA,2022-09-02 07:29:02.035,49.07,1127,CONTINUOUS_TRADING,42,1,326490,SHL,XETR,2022-09-02 07:29:01.035,2022-09-02 07:29:03.035,,,,,,,,,,
BE0974293251,EUR,XBRU,2022-09-02 07:29:02.493,48.1,1077,CONTINUOUS_TRADING,32,1,324162,ABI,XBRU,2022-09-02 07:29:01.493,2022-09-02 07:29:03.493,48.09,48.1,CONTINUOUS_TRADING,48.1,48.12,CONTINUOUS_TRADING,48.07,48.09,CONTINUOUS_TRADING,0.0
CH0363463438,CHF,XSWX,2022-09-02 07:29:02.774,14.42,341,CONTINUOUS_TRADING,-127,-1,329340,IDIA,XSWX,2022-09-02 07:29:01.774,2022-09-02 07:29:03.774,,,,,,,,,,
CH0008742519,CHF,XSWX,2022-09-02 07:29:04.050,508.4,985,CONTINUOUS_TRADING,6,1,323472,SCMN,XSWX,2022-09-02 07:29:03.050,2022-09-02 07:29:05.050,508.2,508.6,CONTINUOUS_TRADING,508.4,508.6,CONTINUOUS_TRADING,508.4,508.8,CONTINUOUS_TRADING,0.500000000000071
BE0974293251,EUR,XBRU,2022-09-02 07:29:08.594,48.085,1078,CONTINUOUS_TRADING,21,1,324162,ABI,XBRU,2022-09-02 07:29:07.594,2022-09-02 07:29:09.594,48.08,48.09,CONTINUOUS_TRADING,48.075,48.085,CONTINUOUS_TRADING,48.09,48.105,CONTINUOUS_TRADING,0.5
DE000SHL1006,EUR,XETA,2022-09-02 07:29:08.988,49.04,1128,CONTINUOUS_TRADING,17,1,326490,SHL,XETR,2022-09-02 07:29:07.988,2022-09-02 07:29:09.988,,,,,,,,,,
BE0974293251,EUR,XBRU,2022-09-02 07:29:09.645,48.095,1079,CONTINUOUS_TRADING,11,1,324162,ABI,XBRU,2022-09-02 07:29:08.645,2022-09-02 07:29:10.645,48.09,48.105,CONTINUOUS_TRADING,48.085,48.095,CONTINUOUS_TRADING,48.09,48.105,CONTINUOUS_TRADING,0.6666666666668246
BE0974293251,EUR,XBRU,2022-09-02 07:29:10.812,48.105,1082,CONTINUOUS_TRADING,75,1,324162,ABI,XBRU,2022-09-02 07:29:09.812,2022-09-02 07:29:11.812,48.09,48.105,CONTINUOUS_TRADING,48.09,48.105,CONTINUOUS_TRADING,48.1,48.105,CONTINUOUS_TRADING,0.0
BE0974293251,EUR,XBRU,2022-09-02 07:29:10.812,48.105,1080,CONTINUOUS_TRADING,115,1,324162,ABI,XBRU,2022-09-02 07:29:09.812,2022-09-02 07:29:11.812,48.09,48.105,CONTINUOUS_TRADING,48.09,48.105,CONTINUOUS_TRADING,48.1,48.105,CONTINUOUS_TRADING,0.0
BE0974293251,EUR,XBRU,2022-09-02 07:29:10.812,48.105,1081,CONTINUOUS_TRADING,44,1,324162,ABI,XBRU,2022-09-02 07:29:09.812,2022-09-02 07:29:11.812,48.09,48.105,CONTINUOUS_TRADING,48.09,48.105,CONTINUOUS_TRADING,48.1,48.105,CONTINUOUS_TRADING,0.0
DE000SHL1006,EUR,XETA,2022-09-02 07:29:18.485,49.03,1129,CONTINUOUS_TRADING,38,1,326490,SHL,XETR,2022-09-02 07:29:17.485,2022-09-02 07:29:19.485,,,,,,,,,,
BE0974293251,EUR,XBRU,2022-09-02 07:29:27.072,48.1,1083,CONTINUOUS_TRADING,38,1,324162,ABI,XBRU,2022-09-02 07:29:26.072,2022-09-02 07:29:28.072,48.095,48.11,CONTINUOUS_TRADING,,,,48.095,48.11,CONTINUOUS_TRADING,0.6666666666665088
DE000SHL1006,EUR,XETA,2022-09-02 07:29:27.774,49.02,1130,CONTINUOUS_TRADING,41,1,326490,SHL,XETR,2022-09-02 07:29:26.774,2022-09-02 07:29:28.774,,,,,,,,,,
DE000LEG1110,EUR,XETA,2022-09-02 07:29:40.862,73.88,781,CONTINUOUS_TRADING,14,1,327496,LEG,XETR,2022-09-02 07:29:39.862,2022-09-02 07:29:41.862,,,,,,,,,,
BE0974293251,EUR,XBRU,2022-09-02 07:29:42.998,48.085,1084,CONTINUOUS_TRADING,18,1,324162,ABI,XBRU,2022-09-02 07:29:41.998,2022-09-02 07:29:43.998,48.075,48.095,CONTINUOUS_TRADING,48.085,48.1,CONTINUOUS_TRADING,48.07,48.085,CONTINUOUS_TRADING,0.5
BE0974293251,EUR,XBRU,2022-09-02 07:29:47.963,48.075,1085,CONTINUOUS_TRADING,38,1,324162,ABI,XBRU,2022-09-02 07:29:46.963,2022-09-02 07:29:48.963,48.055,48.075,CONTINUOUS_TRADING,,,,48.075,48.095,CONTINUOUS_TRADING,0.0
BE0974293251,EUR,XBRU,2022-09-02 07:29:48.216,48.075,1086,CONTINUOUS_TRADING,28,1,324162,ABI,XBRU,2022-09-02 07:29:47.216,2022-09-02 07:29:49.216,48.065,48.075,CONTINUOUS_TRADING,,,,48.075,48.095,CONTINUOUS_TRADING,0.0
DE0006305006,EUR,XETA,2022-09-02 07:29:48.560,3.63,13,OPENING_AUCTION,-245,-1,331530,DEZ,XETR,2022-09-02 07:29:47.560,2022-09-02 07:29:49.560,,,,,,,,,,
DE000LEG1110,EUR,XETA,2022-09-02 07:29:56.757,73.84,782,CONTINUOUS_TRADING,17,1,327496,LEG,XETR,2022-09-02 07:29:55.757,2022-09-02 07:29:57.757,,,,,,,,,,
CH0008742519,CHF,XSWX,2022-09-02 07:30:00.310,508.6,986,CONTINUOUS_TRADING,5,1,323472,SCMN,XSWX,2022-09-02 07:29:59.310,2022-09-02 07:30:01.310,508.4,508.8,CONTINUOUS_TRADING,,,,508.4,508.6,CONTINUOUS_TRADING,0.49999999999992895
DE0008303504,EUR,XETA,2022-09-02 07:30:08.166,8.965,516,CONTINUOUS_TRADING,-2,-1,327489,TEG,XETR,2022-09-02 07:30:07.166,2022-09-02 07:30:09.166,,,,,,,,,,
DE0008303504,EUR,XETA,2022-09-02 07:30:08.166,8.965,517,CONTINUOUS_TRADING,-133,-1,327489,TEG,XETR,2022-09-02 07:30:07.166,2022-09-02 07:30:09.166,,,,,,,,,,
CH0008742519,CHF,XSWX,2022-09-02 07:30:19.716,508.4,987,CONTINUOUS_TRADING,6,1,323472,SCMN,XSWX,2022-09-02 07:30:18.716,2022-09-02 07:30:20.716,508.2,508.6,CONTINUOUS_TRADING,,,,508.2,508.4,CONTINUOUS_TRADING,0.500000000000071
DE000LEG1110,EUR,XETA,2022-09-02 07:30:21.988,73.76,783,CONTINUOUS_TRADING,24,1,327496,LEG,XETR,2022-09-02 07:30:20.988,2022-09-02 07:30:22.988,,,,,,,,,,
DE000SHL1006,EUR,XETA,2022-09-02 07:30:24.362,49.06,1131,CONTINUOUS_TRADING,40,1,326490,SHL,XETR,2022-09-02 07:30:23.362,2022-09-02 07:30:25.362,,,,,,,,,,
DK0060534915,DKK,XCSE,2022-09-02 07:30:41.402,781.7,1155,CONTINUOUS_TRADING,25,1,325561,NOVO B,XCSE,2022-09-02 07:30:40.402,2022-09-02 07:30:42.402,,,,,,,,,,
DK0060534915,DKK,XCSE,2022-09-02 07:30:41.402,781.7,1156,CONTINUOUS_TRADING,62,1,325561,NOVO B,XCSE,2022-09-02 07:30:40.402,2022-09-02 07:30:42.402,,,,,,,,,,
DK0060534915,DKK,XCSE,2022-09-02 07:30:41.402,781.7,1157,CONTINUOUS_TRADING,62,1,325561,NOVO B,XCSE,2022-09-02 07:30:40.402,2022-09-02 07:30:42.402,,,,,,,,,,
DK0060534915,DKK,XCSE,2022-09-02 07:30:41.402,781.7,1158,CONTINUOUS_TRADING,60,1,325561,NOVO B,XCSE,2022-09-02 07:30:40.402,2022-09-02 07:30:42.402,,,,,,,,,,
DE000SHL1006,EUR,XETA,2022-09-02 07:30:44.772,49.04,1132,CONTINUOUS_TRADING,48,1,326490,SHL,XETR,2022-09-02 07:30:43.772,2022-09-02 07:30:45.772,,,,,,,,,,
DE000LEG1110,EUR,XETA,2022-09-02 07:30:45.326,73.68,784,CONTINUOUS_TRADING,19,1,327496,LEG,XETR,2022-09-02 07:30:44.326,2022-09-02 07:30:46.326,,,,,,,,,,
DK0060534915,DKK,XCSE,2022-09-02 07:30:53.705,781.1,1159,CONTINUOUS_TRADING,31,1,325561,NOVO B,XCSE,2022-09-02 07:30:52.705,2022-09-02 07:30:54.705,,,,,,,,,,
DK0060534915,DKK,XCSE,2022-09-02 07:30:53.705,781.1,1160,CONTINUOUS_TRADING,52,1,325561,NOVO B,XCSE,2022-09-02 07:30:52.705,2022-09-02 07:30:54.705,,,,,,,,,,
DK0060534915,DKK,XCSE,2022-09-02 07:30:53.705,781.1,1161,CONTINUOUS_TRADING,31,1,325561,NOVO B,XCSE,2022-09-02 07:30:52.705,2022-09-02 07:30:54.705,,,,,,,,,,
DK0060534915,DKK,XCSE,2022-09-02 07:30:54.090,781.1,1162,CONTINUOUS_TRADING,9,1,325561,NOVO B,XCSE,2022-09-02 07:30:53.090,2022-09-02 07:30:55.090,,,,,,,,,,
DK0060534915,DKK,XCSE,2022-09-02 07:30:54.090,781.1,1163,CONTINUOUS_TRADING,21,1,325561,NOVO B,XCSE,2022-09-02 07:30:53.090,2022-09-02 07:30:55.090,,,,,,,,,,
CH0008742519,CHF,XSWX,2022-09-02 07:31:02.243,508.2,988,CONTINUOUS_TRADING,6,1,323472,SCMN,XSWX,2022-09-02 07:31:01.243,2022-09-02 07:31:03.243,508.0,508.6,CONTINUOUS_TRADING,,,,507.8,508.2,CONTINUOUS_TRADING,0.6666666666666983
DE000SHL1006,EUR,XETA,2022-09-02 07:31:08.700,49.02,1133,CONTINUOUS_TRADING,41,1,326490,SHL,XETR,2022-09-02 07:31:07.700,2022-09-02 07:31:09.700,,,,,,,,,,
DE0006305006,EUR,XETA,2022-09-02 07:31:12.214,3.64,14,OPENING_AUCTION,-200,-1,331530,DEZ,XETR,2022-09-02 07:31:11.214,2022-09-02 07:31:13.214,,,,,,,,,,
DE0006305006,EUR,XETA,2022-09-02 07:31:12.215,3.64,15,OPENING_AUCTION,-87,-1,331530,DEZ,XETR,2022-09-02 07:31:11.215,2022-09-02 07:31:13.215,,,,,,,,,,
DE0008303504,EUR,XETA,2022-09-02 07:31:12.218,8.97,518,CONTINUOUS_TRADING,-133,-1,327489,TEG,XETR,2022-09-02 07:31:11.218,2022-09-02 07:31:13.218,,,,,,,,,,
DK0060534915,DKK,XCSE,2022-09-02 07:31:12.270,781.1,1164,CONTINUOUS_TRADING,80,1,325561,NOVO B,XCSE,2022-09-02 07:31:11.270,2022-09-02 07:31:13.270,,,,,,,,,,
DK0060534915,DKK,XCSE,2022-09-02 07:31:12.560,781.1,1165,CONTINUOUS_TRADING,75,1,325561,NOVO B,XCSE,2022-09-02 07:31:11.560,2022-09-02 07:31:13.560,,,,,,,,,,
DK0060534915,DKK,XCSE,2022-09-02 07:31:13.182,781.1,1167,CONTINUOUS_TRADING,68,1,325561,NOVO B,XCSE,2022-09-02 07:31:12.182,2022-09-02 07:31:14.182,,,,,,,,,,
DK0060534915,DKK,XCSE,2022-09-02 07:31:13.182,781.1,1166,CONTINUOUS_TRADING,80,1,325561,NOVO B,XCSE,2022-09-02 07:31:12.182,2022-09-02 07:31:14.182,,,,,,,,,,
DK0060534915,DKK,XCSE,2022-09-02 07:31:13.182,781.1,1168,CONTINUOUS_TRADING,73,1,325561,NOVO B,XCSE,2022-09-02 07:31:12.182,2022-09-02 07:31:14.182,,,,,,,,,,
DK0060534915,DKK,XCSE,2022-09-02 07:31:13.430,781.1,1169,CONTINUOUS_TRADING,92,1,325561,NOVO B,XCSE,2022-09-02 07:31:12.430,2022-09-02 07:31:14.430,,,,,,,,,,
DK0060534915,DKK,XCSE,2022-09-02 07:31:13.430,781.1,1170,CONTINUOUS_TRADING,79,1,325561,NOVO B,XCSE,2022-09-02 07:31:12.430,2022-09-02 07:31:14.430,,,,,,,,,,
DE000SHL1006,EUR,XETA,2022-09-02 07:31:13.797,49.01,1134,CONTINUOUS_TRADING,4,1,326490,SHL,XETR,2022-09-02 07:31:12.797,2022-09-02 07:31:14.797,,,,,,,,,,
CH0008742519,CHF,XSWX,2022-09-02 07:31:15.876,508.0,989,CONTINUOUS_TRADING,7,1,323472,SCMN,XSWX,2022-09-02 07:31:14.876,2022-09-02 07:31:16.876,507.8,508.2,CONTINUOUS_TRADING,508.0,508.2,CONTINUOUS_TRADING,,,,0.5
CH0008742519,CHF,XSWX,2022-09-02 07:31:28.710,507.8,990,CONTINUOUS_TRADING,6,1,323472,SCMN,XSWX,2022-09-02 07:31:27.710,2022-09-02 07:31:29.710,507.6,508.0,CONTINUOUS_TRADING,,,,507.4,507.8,CONTINUOUS_TRADING,0.5
DK0060534915,DKK,XCSE,2022-09-02 07:31:41.935,780.2,1171,CONTINUOUS_TRADING,12,1,325561,NOVO B,XCSE,2022-09-02 07:31:40.935,2022-09-02 07:31:42.935,,,,,,,,,,
DK0060534915,DKK,XCSE,2022-09-02 07:31:42.455,780.5,1172,CONTINUOUS_TRADING,58,1,325561,NOVO B,XCSE,2022-09-02 07:31:41.455,2022-09-02 07:31:43.455,,,,,,,,,,
BE0003593044,EUR,XBRU,2022-09-02 07:31:43.356,99.2,1190,CONTINUOUS_TRADING,11,1,324084,COFB,XBRU,2022-09-02 07:31:42.356,2022-09-02 07:31:44.356,99.2,99.25,CONTINUOUS_TRADING,,,,99.2,99.25,CONTINUOUS_TRADING,1.0
BE0003851681,EUR,XBRU,2022-09-02 07:31:56.676,92.3,96,OPENING_AUCTION,10,1,328336,AED,XBRU,2022-09-02 07:31:55.676,2022-09-02 07:31:57.676,92.3,92.45,CONTINUOUS_TRADING,,,,,,,1.0
DE0008303504,EUR,XETA,2022-09-02 07:32:02.313,8.975,519,CONTINUOUS_TRADING,-114,-1,327489,TEG,XETR,2022-09-02 07:32:01.313,2022-09-02 07:32:03.313,,,,,,,,,,
DK0060534915,DKK,XCSE,2022-09-02 07:32:05.022,780.9,1173,CONTINUOUS_TRADING,62,1,325561,NOVO B,XCSE,2022-09-02 07:32:04.022,2022-09-02 07:32:06.022,,,,,,,,,,
DK0060534915,DKK,XCSE,2022-09-02 07:32:05.022,780.9,1175,CONTINUOUS_TRADING,8,1,325561,NOVO B,XCSE,2022-09-02 07:32:04.022,2022-09-02 07:32:06.022,,,,,,,,,,
DK0060534915,DKK,XCSE,2022-09-02 07:32:05.022,780.9,1174,CONTINUOUS_TRADING,80,1,325561,NOVO B,XCSE,2022-09-02 07:32:04.022,2022-09-02 07:32:06.022,,,,,,,,,,
DK0060534915,DKK,XCSE,2022-09-02 07:32:05.923,781.0,1177,CONTINUOUS_TRADING,1,1,325561,NOVO B,XCSE,2022-09-02 07:32:04.923,2022-09-02 07:32:06.923,,,,,,,,,,
DK0060534915,DKK,XCSE,2022-09-02 07:32:05.923,781.0,1176,CONTINUOUS_TRADING,32,1,325561,NOVO B,XCSE,2022-09-02 07:32:04.923,2022-09-02 07:32:06.923,,,,,,,,,,
CH0008742519,CHF,XSWX,2022-09-02 07:32:07.475,507.4,991,CONTINUOUS_TRADING,7,1,323472,SCMN,XSWX,2022-09-02 07:32:06.475,2022-09-02 07:32:08.475,507.4,507.8,CONTINUOUS_TRADING,507.4,507.8,CONTINUOUS_TRADING,,,,1.0
DE0006305006,EUR,XETA,2022-09-02 07:32:21.335,3.638,16,OPENING_AUCTION,-315,-1,331530,DEZ,XETR,2022-09-02 07:32:20.335,2022-09-02 07:32:22.335,,,,,,,,,,
DK0060534915,DKK,XCSE,2022-09-02 07:33:09.117,781.1,1178,CONTINUOUS_TRADING,13,1,325561,NOVO B,XCSE,2022-09-02 07:33:08.117,2022-09-02 07:33:10.117,,,,,,,,,,
DE0008303504,EUR,XETA,2022-09-02 07:33:20.429,8.955,520,CONTINUOUS_TRADING,-168,-1,327489,TEG,XETR,2022-09-02 07:33:19.429,2022-09-02 07:33:21.429,,,,,,,,,,
DE0008303504,EUR,XETA,2022-09-02 07:33:32.476,8.965,522,CONTINUOUS_TRADING,-157,-1,327489,TEG,XETR,2022-09-02 07:33:31.476,2022-09-02 07:33:33.476,,,,,,,,,,
DE0008303504,EUR,XETA,2022-09-02 07:33:32.476,8.965,521,CONTINUOUS_TRADING,-44,-1,327489,TEG,XETR,2022-09-02 07:33:31.476,2022-09-02 07:33:33.476,,,,,,,,,,
CH0008742519,CHF,XSWX,2022-09-02 07:33:33.142,507.2,992,CONTINUOUS_TRADING,7,1,323472,SCMN,XSWX,2022-09-02 07:33:32.142,2022-09-02 07:33:34.142,507.2,507.4,CONTINUOUS_TRADING,,,,507.0,507.4,CONTINUOUS_TRADING,1.0
CH0008742519,CHF,XSWX,2022-09-02 07:33:41.448,507.0,993,CONTINUOUS_TRADING,5,1,323472,SCMN,XSWX,2022-09-02 07:33:40.448,2022-09-02 07:33:42.448,506.8,507.4,CONTINUOUS_TRADING,507.0,507.4,CONTINUOUS_TRADING,,,,0.6666666666666666
DK0060534915,DKK,XCSE,2022-09-02 07:33:44.100,781.0,1179,CONTINUOUS_TRADING,19,1,325561,NOVO B,XCSE,2022-09-02 07:33:43.100,2022-09-02 07:33:45.100,,,,,,,,,,
DE000LEG1110,EUR,XETA,2022-09-02 07:33:54.209,73.7,785,CONTINUOUS_TRADING,2,1,327496,LEG,XETR,2022-09-02 07:33:53.209,2022-09-02 07:33:55.209,,,,,,,,,,
DE000LEG1110,EUR,XETA,2022-09-02 07:33:54.209,73.7,786,CONTINUOUS_TRADING,12,1,327496,LEG,XETR,2022-09-02 07:33:53.209,2022-09-02 07:33:55.209,,,,,,,,,,
DE000LEG1110,EUR,XETA,2022-09-02 07:33:56.788,73.68,787,CONTINUOUS_TRADING,14,1,327496,LEG,XETR,2022-09-02 07:33:55.788,2022-09-02 07:33:57.788,,,,,,,,,,
DK0060534915,DKK,XCSE,2022-09-02 07:34:15.114,780.6,1180,CONTINUOUS_TRADING,20,1,325561,NOVO B,XCSE,2022-09-02 07:34:14.114,2022-09-02 07:34:16.114,,,,,,,,,,
BE0003593044,EUR,XBRU,2022-09-02 07:34:20.540,99.1,1191,CONTINUOUS_TRADING,11,1,324084,COFB,XBRU,2022-09-02 07:34:19.540,2022-09-02 07:34:21.540,99.0,99.2,CONTINUOUS_TRADING,,,,98.9,99.1,CONTINUOUS_TRADING,0.5000000000000355
BE0003851681,EUR,XBRU,2022-09-02 07:34:22.275,92.3,97,OPENING_AUCTION,25,1,328336,AED,XBRU,2022-09-02 07:34:21.275,2022-09-02 07:34:23.275,92.3,92.45,CONTINUOUS_TRADING,,,,92.05,92.25,CONTINUOUS_TRADING,1.0
DE0006305006,EUR,XETA,2022-09-02 07:34:45.684,3.64,17,OPENING_AUCTION,-332,-1,331530,DEZ,XETR,2022-09-02 07:34:44.684,2022-09-02 07:34:46.684,,,,,,,,,,
DE0008303504,EUR,XETA,2022-09-02 07:35:25.597,8.93,523,CONTINUOUS_TRADING,-151,-1,327489,TEG,XETR,2022-09-02 07:35:24.597,2022-09-02 07:35:26.597,,,,,,,,,,
DK0061539921,DKK,XCSE,2022-09-02 07:35:30.930,176.86,1186,CONTINUOUS_TRADING,220,1,325460,VWS,XCSE,2022-09-02 07:35:29.930,2022-09-02 07:35:31.930,,,,,,,,,,
DE0006305006,EUR,XETA,2022-09-02 07:35:48.256,3.64,18,OPENING_AUCTION,-279,-1,331530,DEZ,XETR,2022-09-02 07:35:47.256,2022-09-02 07:35:49.256,,,,,,,,,,
DE0008303504,EUR,XETA,2022-09-02 07:35:48.306,8.94,524,CONTINUOUS_TRADING,-197,-1,327489,TEG,XETR,2022-09-02 07:35:47.306,2022-09-02 07:35:49.306,,,,,,,,,,
CH0008742519,CHF,XSWX,2022-09-02 07:36:13.248,507.2,994,CONTINUOUS_TRADING,5,1,323472,SCMN,XSWX,2022-09-02 07:36:12.248,2022-09-02 07:36:14.248,507.0,507.4,CONTINUOUS_TRADING,,,,,,,0.5
DE0006305006,EUR,XETA,2022-09-02 07:36:39.810,3.642,19,OPENING_AUCTION,-334,-1,331530,DEZ,XETR,2022-09-02 07:36:38.810,2022-09-02 07:36:40.810,,,,,,,,,,
DE000LEG1110,EUR,XETA,2022-09-02 07:37:03.476,73.6,788,CONTINUOUS_TRADING,16,1,327496,LEG,XETR,2022-09-02 07:37:02.476,2022-09-02 07:37:04.476,,,,,,,,,,
DE0008303504,EUR,XETA,2022-09-02 07:37:12.525,8.935,525,CONTINUOUS_TRADING,-147,-1,327489,TEG,XETR,2022-09-02 07:37:11.525,2022-09-02 07:37:13.525,,,,,,,,,,
BE0003851681,EUR,XBRU,2022-09-02 07:37:23.964,92.0,98,OPENING_AUCTION,22,1,328336,AED,XBRU,2022-09-02 07:37:22.964,2022-09-02 07:37:24.964,92.0,92.15,CONTINUOUS_TRADING,,,,91.9,92.0,CONTINUOUS_TRADING,1.0
DK0061539921,DKK,XCSE,2022-09-02 07:37:24.288,176.54,1187,CONTINUOUS_TRADING,80,1,325460,VWS,XCSE,2022-09-02 07:37:23.288,2022-09-02 07:37:25.288,,,,,,,,,,
BE0003851681,EUR,XBRU,2022-09-02 07:38:25.470,91.9,99,OPENING_AUCTION,11,1,328336,AED,XBRU,2022-09-02 07:38:24.470,2022-09-02 07:38:26.470,91.9,91.95,CONTINUOUS_TRADING,,,,91.8,91.9,CONTINUOUS_TRADING,1.0
CH0008742519,CHF,XSWX,2022-09-02 07:38:42.669,507.4,995,CONTINUOUS_TRADING,5,1,323472,SCMN,XSWX,2022-09-02 07:38:41.669,2022-09-02 07:38:43.669,507.2,507.6,CONTINUOUS_TRADING,,,,,,,0.500000000000071
BE0003851681,EUR,XBRU,2022-09-02 07:39:39.072,91.8,100,CONTINUOUS_TRADING,11,1,328336,AED,XBRU,2022-09-02 07:39:38.072,2022-09-02 07:39:40.072,91.75,91.85,CONTINUOUS_TRADING,,,,,,,0.5
DE000LEG1110,EUR,XETA,2022-09-02 07:39:42.130,73.6,789,CONTINUOUS_TRADING,30,1,327496,LEG,XETR,2022-09-02 07:39:41.130,2022-09-02 07:39:43.130,,,,,,,,,,
DE0006305006,EUR,XETA,2022-09-02 07:39:43.600,3.634,20,OPENING_AUCTION,-143,-1,331530,DEZ,XETR,2022-09-02 07:39:42.600,2022-09-02 07:39:44.600,,,,,,,,,,
DE0008303504,EUR,XETA,2022-09-02 07:39:45.261,8.95,526,CONTINUOUS_TRADING,-157,-1,327489,TEG,XETR,2022-09-02 07:39:44.261,2022-09-02 07:39:46.261,,,,,,,,,,
CH0008742519,CHF,XSWX,2022-09-02 07:40:21.346,507.4,996,CONTINUOUS_TRADING,7,1,323472,SCMN,XSWX,2022-09-02 07:40:20.346,2022-09-02 07:40:22.346,507.2,507.6,CONTINUOUS_TRADING,507.4,507.6,CONTINUOUS_TRADING,507.2,507.6,CONTINUOUS_TRADING,0.500000000000071
DE0006305006,EUR,XETA,2022-09-02 07:40:42.232,3.636,21,OPENING_AUCTION,-182,-1,331530,DEZ,XETR,2022-09-02 07:40:41.232,2022-09-02 07:40:43.232,,,,,,,,,,
DE0008303504,EUR,XETA,2022-09-02 07:40:55.141,8.955,527,CONTINUOUS_TRADING,-118,-1,327489,TEG,XETR,2022-09-02 07:40:54.141,2022-09-02 07:40:56.141,,,,,,,,,,
CH0008742519,CHF,XSWX,2022-09-02 07:40:59.000,507.2,997,CONTINUOUS_TRADING,7,1,323472,SCMN,XSWX,2022-09-02 07:40:58.000,2022-09-02 07:41:00.000,507.2,507.6,CONTINUOUS_TRADING,,,,507.0,507.4,CONTINUOUS_TRADING,1.0
CH0008742519,CHF,XSWX,2022-09-02 07:41:19.758,507.0,998,CONTINUOUS_TRADING,8,1,323472,SCMN,XSWX,2022-09-02 07:41:18.758,2022-09-02 07:41:20.758,506.8,507.2,CONTINUOUS_TRADING,,,,506.8,507.2,CONTINUOUS_TRADING,0.5
DE000LEG1110,EUR,XETA,2022-09-02 07:41:39.578,73.56,790,CONTINUOUS_TRADING,14,1,327496,LEG,XETR,2022-09-02 07:41:38.578,2022-09-02 07:41:40.578,,,,,,,,,,
BE0003593044,EUR,XBRU,2022-09-02 07:41:39.611,99.1,1192,CONTINUOUS_TRADING,14,1,324084,COFB,XBRU,2022-09-02 07:41:38.611,2022-09-02 07:41:40.611,99.05,99.2,CONTINUOUS_TRADING,,,,,,,0.6666666666666983
DK0010244508,DKK,XCSE,2022-09-02 07:41:49.576,16900.0,1264,CONTINUOUS_TRADING,3,1,325453,MAERSK B,XCSE,2022-09-02 07:41:48.576,2022-09-02 07:41:50.576,,,,,,,,,,
DK0010244508,DKK,XCSE,2022-09-02 07:42:12.776,16930.0,1265,CONTINUOUS_TRADING,2,1,325453,MAERSK B,XCSE,2022-09-02 07:42:11.776,2022-09-02 07:42:13.776,,,,,,,,,,
DE0008303504,EUR,XETA,2022-09-02 07:42:16.450,8.945,528,CONTINUOUS_TRADING,-145,-1,327489,TEG,XETR,2022-09-02 07:42:15.450,2022-09-02 07:42:17.450,,,,,,,,,,
DE000LEG1110,EUR,XETA,2022-09-02 07:43:02.075,73.48,791,CONTINUOUS_TRADING,14,1,327496,LEG,XETR,2022-09-02 07:43:01.075,2022-09-02 07:43:03.075,,,,,,,,,,
BE0003851681,EUR,XBRU,2022-09-02 07:43:05.795,91.9,101,CONTINUOUS_TRADING,16,1,328336,AED,XBRU,2022-09-02 07:43:04.795,2022-09-02 07:43:06.795,91.85,91.95,CONTINUOUS_TRADING,,,,91.8,91.9,CONTINUOUS_TRADING,0.49999999999992895
CH0008742519,CHF,XSWX,2022-09-02 07:43:08.122,506.8,999,CONTINUOUS_TRADING,9,1,323472,SCMN,XSWX,2022-09-02 07:43:07.122,2022-09-02 07:43:09.122,506.8,507.2,CONTINUOUS_TRADING,,,,506.8,507.2,CONTINUOUS_TRADING,1.0
DE0008303504,EUR,XETA,2022-09-02 07:43:09.465,8.94,529,CONTINUOUS_TRADING,-137,-1,327489,TEG,XETR,2022-09-02 07:43:08.465,2022-09-02 07:43:10.465,,,,,,,,,,
DK0010244508,DKK,XCSE,2022-09-02 07:43:15.510,16940.0,1266,CONTINUOUS_TRADING,2,1,325453,MAERSK B,XCSE,2022-09-02 07:43:14.510,2022-09-02 07:43:16.510,,,,,,,,,,
CH0363463438,CHF,XSWX,2022-09-02 07:43:36.441,14.36,342,CONTINUOUS_TRADING,-155,-1,329340,IDIA,XSWX,2022-09-02 07:43:35.441,2022-09-02 07:43:37.441,,,,,,,,,,
DK0010244508,DKK,XCSE,2022-09-02 07:43:54.527,16935.0,1267,CONTINUOUS_TRADING,2,1,325453,MAERSK B,XCSE,2022-09-02 07:43:53.527,2022-09-02 07:43:55.527,,,,,,,,,,
CH0363463438,CHF,XSWX,2022-09-02 07:44:13.548,14.28,344,CONTINUOUS_TRADING,-203,-1,329340,IDIA,XSWX,2022-09-02 07:44:12.548,2022-09-02 07:44:14.548,,,,,,,,,,
CH0363463438,CHF,XSWX,2022-09-02 07:44:13.548,14.28,343,CONTINUOUS_TRADING,-217,-1,329340,IDIA,XSWX,2022-09-02 07:44:12.548,2022-09-02 07:44:14.548,,,,,,,,,,
DK0010244508,DKK,XCSE,2022-09-02 07:44:28.937,16975.0,1268,CONTINUOUS_TRADING,2,1,325453,MAERSK B,XCSE,2022-09-02 07:44:27.937,2022-09-02 07:44:29.937,,,,,,,,,,
CH0008742519,CHF,XSWX,2022-09-02 07:44:34.366,507.2,1000,CONTINUOUS_TRADING,4,1,323472,SCMN,XSWX,2022-09-02 07:44:33.366,2022-09-02 07:44:35.366,507.0,507.4,CONTINUOUS_TRADING,,,,506.8,507.2,CONTINUOUS_TRADING,0.5
DE0008303504,EUR,XETA,2022-09-02 07:44:53.192,8.92,531,CONTINUOUS_TRADING,-1,-1,327489,TEG,XETR,2022-09-02 07:44:52.192,2022-09-02 07:44:54.192,,,,,,,,,,
DE0008303504,EUR,XETA,2022-09-02 07:44:53.192,8.92,530,CONTINUOUS_TRADING,-1,-1,327489,TEG,XETR,2022-09-02 07:44:52.192,2022-09-02 07:44:54.192,,,,,,,,,,
DK0010244508,DKK,XCSE,2022-09-02 07:45:11.666,16985.0,1269,CONTINUOUS_TRADING,1,1,325453,MAERSK B,XCSE,2022-09-02 07:45:10.666,2022-09-02 07:45:12.666,,,,,,,,,,
DK0010244508,DKK,XCSE,2022-09-02 07:45:11.666,16985.0,1270,CONTINUOUS_TRADING,1,1,325453,MAERSK B,XCSE,2022-09-02 07:45:10.666,2022-09-02 07:45:12.666,,,,,,,,,,
DE0008303504,EUR,XETA,2022-09-02 07:45:18.336,8.92,532,CONTINUOUS_TRADING,-166,-1,327489,TEG,XETR,2022-09-02 07:45:17.336,2022-09-02 07:45:19.336,,,,,,,,,,
CH0008742519,CHF,XSWX,2022-09-02 07:45:19.721,506.8,1001,CONTINUOUS_TRADING,7,1,323472,SCMN,XSWX,2022-09-02 07:45:18.721,2022-09-02 07:45:20.721,506.6,507.0,CONTINUOUS_TRADING,506.8,507.0,CONTINUOUS_TRADING,506.6,507.0,CONTINUOUS_TRADING,0.5
DE000LEG1110,EUR,XETA,2022-09-02 07:45:25.354,73.5,792,CONTINUOUS_TRADING,15,1,327496,LEG,XETR,2022-09-02 07:45:24.354,2022-09-02 07:45:26.354,,,,,,,,,,
DK0010244508,DKK,XCSE,2022-09-02 07:45:26.357,16995.0,1271,CONTINUOUS_TRADING,2,1,325453,MAERSK B,XCSE,2022-09-02 07:45:25.357,2022-09-02 07:45:27.357,,,,,,,,,,
CH0008742519,CHF,XSWX,2022-09-02 07:46:26.134,506.8,1002,CONTINUOUS_TRADING,6,1,323472,SCMN,XSWX,2022-09-02 07:46:25.134,2022-09-02 07:46:27.134,506.6,507.0,CONTINUOUS_TRADING,506.8,507.0,CONTINUOUS_TRADING,506.8,507.2,CONTINUOUS_TRADING,0.5
DE0008303504,EUR,XETA,2022-09-02 07:46:54.792,8.92,533,CONTINUOUS_TRADING,-140,-1,327489,TEG,XETR,2022-09-02 07:46:53.792,2022-09-02 07:46:55.792,,,,,,,,,,
DK0010244508,DKK,XCSE,2022-09-02 07:47:44.455,17000.0,1272,CONTINUOUS_TRADING,2,1,325453,MAERSK B,XCSE,2022-09-02 07:47:43.455,2022-09-02 07:47:45.455,,,,,,,,,,
DE000LEG1110,EUR,XETA,2022-09-02 07:47:46.799,73.46,793,CONTINUOUS_TRADING,16,1,327496,LEG,XETR,2022-09-02 07:47:45.799,2022-09-02 07:47:47.799,,,,,,,,,,
BE0003851681,EUR,XBRU,2022-09-02 07:47:55.688,91.85,102,CONTINUOUS_TRADING,22,1,328336,AED,XBRU,2022-09-02 07:47:54.688,2022-09-02 07:47:56.688,91.8,91.95,CONTINUOUS_TRADING,,,,,,,0.6666666666666983
CH0008742519,CHF,XSWX,2022-09-02 07:48:02.168,507.4,1003,CONTINUOUS_TRADING,7,1,323472,SCMN,XSWX,2022-09-02 07:48:01.168,2022-09-02 07:48:03.168,507.2,507.6,CONTINUOUS_TRADING,507.4,507.6,CONTINUOUS_TRADING,,,,0.500000000000071
DE0008303504,EUR,XETA,2022-09-02 07:48:02.559,8.91,534,CONTINUOUS_TRADING,-124,-1,327489,TEG,XETR,2022-09-02 07:48:01.559,2022-09-02 07:48:03.559,,,,,,,,,,
DE000LEG1110,EUR,XETA,2022-09-02 07:48:21.861,73.3,794,CONTINUOUS_TRADING,14,1,327496,LEG,XETR,2022-09-02 07:48:20.861,2022-09-02 07:48:22.861,,,,,,,,,,
DK0010244508,DKK,XCSE,2022-09-02 07:48:30.196,16990.0,1273,CONTINUOUS_TRADING,2,1,325453,MAERSK B,XCSE,2022-09-02 07:48:29.196,2022-09-02 07:48:31.196,,,,,,,,,,
DE0008303504,EUR,XETA,2022-09-02 07:48:43.628,8.91,535,CONTINUOUS_TRADING,-149,-1,327489,TEG,XETR,2022-09-02 07:48:42.628,2022-09-02 07:48:44.628,,,,,,,,,,
DK0010244508,DKK,XCSE,2022-09-02 07:48:49.768,17000.0,1274,CONTINUOUS_TRADING,2,1,325453,MAERSK B,XCSE,2022-09-02 07:48:48.768,2022-09-02 07:48:50.768,,,,,,,,,,
DK0061539921,EUR,XETB,2022-09-02 07:49:26.844,23.81,1282,CONTINUOUS_TRADING,260,1,286168571,VWSB,XETR,2022-09-02 07:49:25.844,2022-09-02 07:49:27.844,,,,,,,,,,
DK0061539921,EUR,XETB,2022-09-02 07:49:28.679,23.77,1283,CONTINUOUS_TRADING,43,1,286168571,VWSB,XETR,2022-09-02 07:49:27.679,2022-09-02 07:49:29.679,,,,,,,,,,
DK0061539921,EUR,XETB,2022-09-02 07:49:28.679,23.77,1284,CONTINUOUS_TRADING,43,1,286168571,VWSB,XETR,2022-09-02 07:49:27.679,2022-09-02 07:49:29.679,,,,,,,,,,
DK0061539921,EUR,XETB,2022-09-02 07:49:28.734,23.805,1285,CONTINUOUS_TRADING,392,1,286168571,VWSB,XETR,2022-09-02 07:49:27.734,2022-09-02 07:49:29.734,,,,,,,,,,
DK0061539921,EUR,XETB,2022-09-02 07:49:28.734,23.81,1286,CONTINUOUS_TRADING,692,1,286168571,VWSB,XETR,2022-09-02 07:49:27.734,2022-09-02 07:49:29.734,,,,,,,,,,
CH0008742519,CHF,XSWX,2022-09-02 07:49:37.084,507.4,1004,CONTINUOUS_TRADING,7,1,323472,SCMN,XSWX,2022-09-02 07:49:36.084,2022-09-02 07:49:38.084,507.2,507.6,CONTINUOUS_TRADING,,,,507.2,507.6,CONTINUOUS_TRADING,0.500000000000071
DE000LEG1110,EUR,XETA,2022-09-02 07:49:54.014,73.3,795,CONTINUOUS_TRADING,11,1,327496,LEG,XETR,2022-09-02 07:49:53.014,2022-09-02 07:49:55.014,,,,,,,,,,
DE000LEG1110,EUR,XETA,2022-09-02 07:49:54.016,73.3,796,CONTINUOUS_TRADING,6,1,327496,LEG,XETR,2022-09-02 07:49:53.016,2022-09-02 07:49:55.016,,,,,,,,,,
DE0006305006,EUR,XETA,2022-09-02 07:50:14.713,3.624,22,OPENING_AUCTION,-347,-1,331530,DEZ,XETR,2022-09-02 07:50:13.713,2022-09-02 07:50:15.713,,,,,,,,,,
DE0006305006,EUR,XETA,2022-09-02 07:50:15.056,3.624,23,OPENING_AUCTION,-444,-1,331530,DEZ,XETR,2022-09-02 07:50:14.056,2022-09-02 07:50:16.056,,,,,,,,,,
DE0006305006,EUR,XETA,2022-09-02 07:50:16.715,3.622,24,OPENING_AUCTION,-444,-1,331530,DEZ,XETR,2022-09-02 07:50:15.715,2022-09-02 07:50:17.715,,,,,,,,,,
DE0006305006,EUR,XETA,2022-09-02 07:50:17.716,3.62,25,OPENING_AUCTION,-300,-1,331530,DEZ,XETR,2022-09-02 07:50:16.716,2022-09-02 07:50:18.716,,,,,,,,,,
CH0363463438,CHF,XSWX,2022-09-02 07:50:53.734,14.33,345,CONTINUOUS_TRADING,-102,-1,329340,IDIA,XSWX,2022-09-02 07:50:52.734,2022-09-02 07:50:54.734,,,,,,,,,,
BE0003851681,EUR,XBRU,2022-09-02 07:50:54.472,91.95,103,CONTINUOUS_TRADING,17,1,328336,AED,XBRU,2022-09-02 07:50:53.472,2022-09-02 07:50:55.472,91.9,92.0,CONTINUOUS_TRADING,,,,,,,0.5
DE0008303504,EUR,XETA,2022-09-02 07:51:29.177,8.92,536,CONTINUOUS_TRADING,-97,-1,327489,TEG,XETR,2022-09-02 07:51:28.177,2022-09-02 07:51:30.177,,,,,,,,,,
DE0008303504,EUR,XETA,2022-09-02 07:51:29.178,8.92,537,CONTINUOUS_TRADING,-40,-1,327489,TEG,XETR,2022-09-02 07:51:28.178,2022-09-02 07:51:30.178,,,,,,,,,,
CH0008742519,CHF,XSWX,2022-09-02 07:51:55.471,507.6,1005,CONTINUOUS_TRADING,7,1,323472,SCMN,XSWX,2022-09-02 07:51:54.471,2022-09-02 07:51:56.471,507.6,507.8,CONTINUOUS_TRADING,,,,507.4,507.8,CONTINUOUS_TRADING,1.0
DK0010244508,DKK,XCSE,2022-09-02 07:52:20.920,17000.0,1275,CONTINUOUS_TRADING,3,1,325453,MAERSK B,XCSE,2022-09-02 07:52:19.920,2022-09-02 07:52:21.920,,,,,,,,,,
DK0061539921,EUR,XETB,2022-09-02 07:52:23.012,23.8,1287,CONTINUOUS_TRADING,9,1,286168571,VWSB,XETR,2022-09-02 07:52:22.012,2022-09-02 07:52:24.012,,,,,,,,,,
DE000LEG1110,EUR,XETA,2022-09-02 07:52:23.869,73.42,797,CONTINUOUS_TRADING,15,1,327496,LEG,XETR,2022-09-02 07:52:22.869,2022-09-02 07:52:24.869,,,,,,,,,,
DK0061539921,EUR,XETB,2022-09-02 07:52:23.894,23.8,1288,CONTINUOUS_TRADING,46,1,286168571,VWSB,XETR,2022-09-02 07:52:22.894,2022-09-02 07:52:24.894,,,,,,,,,,
DK0061539921,EUR,XETB,2022-09-02 07:52:23.927,23.8,1289,CONTINUOUS_TRADING,55,1,286168571,VWSB,XETR,2022-09-02 07:52:22.927,2022-09-02 07:52:24.927,,,,,,,,,,
DK0061539921,EUR,XETB,2022-09-02 07:52:23.936,23.8,1290,CONTINUOUS_TRADING,55,1,286168571,VWSB,XETR,2022-09-02 07:52:22.936,2022-09-02 07:52:24.936,,,,,,,,,,
DK0061539921,EUR,XETB,2022-09-02 07:52:24.325,23.8,1291,CONTINUOUS_TRADING,55,1,286168571,VWSB,XETR,2022-09-02 07:52:23.325,2022-09-02 07:52:25.325,,,,,,,,,,
DK0061539921,EUR,XETB,2022-09-02 07:52:24.334,23.8,1292,CONTINUOUS_TRADING,55,1,286168571,VWSB,XETR,2022-09-02 07:52:23.334,2022-09-02 07:52:25.334,,,,,,,,,,
DK0061539921,EUR,XETB,2022-09-02 07:52:24.344,23.8,1293,CONTINUOUS_TRADING,55,1,286168571,VWSB,XETR,2022-09-02 07:52:23.344,2022-09-02 07:52:25.344,,,,,,,,,,
DK0061539921,EUR,XETB,2022-09-02 07:52:24.353,23.8,1294,CONTINUOUS_TRADING,55,1,286168571,VWSB,XETR,2022-09-02 07:52:23.353,2022-09-02 07:52:25.353,,,,,,,,,,
DK0061539921,EUR,XETB,2022-09-02 07:52:24.362,23.8,1295,CONTINUOUS_TRADING,55,1,286168571,VWSB,XETR,2022-09-02 07:52:23.362,2022-09-02 07:52:25.362,,,,,,,,,,
DK0061539921,EUR,XETB,2022-09-02 07:52:24.371,23.8,1296,CONTINUOUS_TRADING,55,1,286168571,VWSB,XETR,2022-09-02 07:52:23.371,2022-09-02 07:52:25.371,,,,,,,,,,
DK0061539921,EUR,XETB,2022-09-02 07:52:24.393,23.8,1297,CONTINUOUS_TRADING,55,1,286168571,VWSB,XETR,2022-09-02 07:52:23.393,2022-09-02 07:52:25.393,,,,,,,,,,
DK0061539921,EUR,XETB,2022-09-02 07:52:25.658,23.8,1298,CONTINUOUS_TRADING,55,1,286168571,VWSB,XETR,2022-09-02 07:52:24.658,2022-09-02 07:52:26.658,,,,,,,,,,
DK0061539921,EUR,XETB,2022-09-02 07:52:25.694,23.8,1299,CONTINUOUS_TRADING,44,1,286168571,VWSB,XETR,2022-09-02 07:52:24.694,2022-09-02 07:52:26.694,,,,,,,,,,
DK0061539921,EUR,XETB,2022-09-02 07:52:30.456,23.8,1300,CONTINUOUS_TRADING,11,1,286168571,VWSB,XETR,2022-09-02 07:52:29.456,2022-09-02 07:52:31.456,,,,,,,,,,
DK0010244508,DKK,XCSE,2022-09-02 07:52:30.894,16970.0,1276,CONTINUOUS_TRADING,3,1,325453,MAERSK B,XCSE,2022-09-02 07:52:29.894,2022-09-02 07:52:31.894,,,,,,,,,,
DK0010244508,DKK,XCSE,2022-09-02 07:52:31.005,16960.0,1277,CONTINUOUS_TRADING,1,1,325453,MAERSK B,XCSE,2022-09-02 07:52:30.005,2022-09-02 07:52:32.005,,,,,,,,,,
DK0061539921,EUR,XETB,2022-09-02 07:52:31.182,23.8,1301,CONTINUOUS_TRADING,21,1,286168571,VWSB,XETR,2022-09-02 07:52:30.182,2022-09-02 07:52:32.182,,,,,,,,,,
DE0008303504,EUR,XETA,2022-09-02 07:53:02.526,8.91,538,CONTINUOUS_TRADING,-111,-1,327489,TEG,XETR,2022-09-02 07:53:01.526,2022-09-02 07:53:03.526,,,,,,,,,,
DE0008303504,EUR,XETA,2022-09-02 07:53:02.526,8.91,539,CONTINUOUS_TRADING,-62,-1,327489,TEG,XETR,2022-09-02 07:53:01.526,2022-09-02 07:53:03.526,,,,,,,,,,
DE0008303504,EUR,XETA,2022-09-02 07:53:25.394,8.915,540,CONTINUOUS_TRADING,-124,-1,327489,TEG,XETR,2022-09-02 07:53:24.394,2022-09-02 07:53:26.394,,,,,,,,,,
DK0010244508,DKK,XCSE,2022-09-02 07:53:41.457,16985.0,1278,CONTINUOUS_TRADING,3,1,325453,MAERSK B,XCSE,2022-09-02 07:53:40.457,2022-09-02 07:53:42.457,,,,,,,,,,
DE000LEG1110,EUR,XETA,2022-09-02 07:53:54.513,73.46,798,CONTINUOUS_TRADING,14,1,327496,LEG,XETR,2022-09-02 07:53:53.513,2022-09-02 07:53:55.513,,,,,,,,,,
BE0003851681,EUR,XBRU,2022-09-02 07:54:06.487,92.05,104,CONTINUOUS_TRADING,23,1,328336,AED,XBRU,2022-09-02 07:54:05.487,2022-09-02 07:54:07.487,92.0,92.15,CONTINUOUS_TRADING,,,,,,,0.6666666666666983
BE0003593044,EUR,XBRU,2022-09-02 07:54:09.150,99.05,1193,CONTINUOUS_TRADING,14,1,324084,COFB,XBRU,2022-09-02 07:54:08.150,2022-09-02 07:54:10.150,99.05,99.15,CONTINUOUS_TRADING,99.05,99.15,CONTINUOUS_TRADING,98.95,99.15,CONTINUOUS_TRADING,1.0
CH0008742519,CHF,XSWX,2022-09-02 07:54:35.360,507.6,1006,CONTINUOUS_TRADING,7,1,323472,SCMN,XSWX,2022-09-02 07:54:34.360,2022-09-02 07:54:36.360,507.6,507.8,CONTINUOUS_TRADING,,,,507.4,507.6,CONTINUOUS_TRADING,1.0
CH0008742519,CHF,XSWX,2022-09-02 07:54:46.758,507.4,1007,CONTINUOUS_TRADING,7,1,323472,SCMN,XSWX,2022-09-02 07:54:45.758,2022-09-02 07:54:47.758,507.4,507.6,CONTINUOUS_TRADING,,,,,,,1.0
DE0008303504,EUR,XETA,2022-09-02 07:55:15.238,8.89,541,CONTINUOUS_TRADING,-234,-1,327489,TEG,XETR,2022-09-02 07:55:14.238,2022-09-02 07:55:16.238,,,,,,,,,,
DE0008303504,EUR,XETA,2022-09-02 07:55:58.150,8.87,542,CONTINUOUS_TRADING,-100,-1,327489,TEG,XETR,2022-09-02 07:55:57.150,2022-09-02 07:55:59.150,,,,,,,,,,
DE0008303504,EUR,XETA,2022-09-02 07:56:00.490,8.87,543,CONTINUOUS_TRADING,-56,-1,327489,TEG,XETR,2022-09-02 07:55:59.490,2022-09-02 07:56:01.490,,,,,,,,,,
CH0363463438,CHF,XSWX,2022-09-02 07:56:18.053,14.32,346,CONTINUOUS_TRADING,-132,-1,329340,IDIA,XSWX,2022-09-02 07:56:17.053,2022-09-02 07:56:19.053,,,,,,,,,,
CH0363463438,CHF,XSWX,2022-09-02 07:56:18.053,14.32,430,CONTINUOUS_TRADING,-179,-1,329340,IDIA,XSWX,2022-09-02 07:56:17.053,2022-09-02 07:56:19.053,,,,,,,,,,
DE000LEG1110,EUR,XETA,2022-09-02 07:56:39.723,73.22,799,CONTINUOUS_TRADING,14,1,327496,LEG,XETR,2022-09-02 07:56:38.723,2022-09-02 07:56:40.723,,,,,,,,,,
BE0003851681,EUR,XBRU,2022-09-02 07:56:58.899,92.0,105,CONTINUOUS_TRADING,19,1,328336,AED,XBRU,2022-09-02 07:56:57.899,2022-09-02 07:56:59.899,91.9,92.1,CONTINUOUS_TRADING,,,,,,,0.5
CH0363463438,CHF,XSWX,2022-09-02 07:57:00.657,14.32,347,CONTINUOUS_TRADING,-145,-1,329340,IDIA,XSWX,2022-09-02 07:56:59.657,2022-09-02 07:57:01.657,,,,,,,,,,
DE0008303504,EUR,XETA,2022-09-02 07:57:02.363,8.87,544,CONTINUOUS_TRADING,-128,-1,327489,TEG,XETR,2022-09-02 07:57:01.363,2022-09-02 07:57:03.363,,,,,,,,,,
CH0008742519,CHF,XSWX,2022-09-02 07:57:10.769,507.6,1008,CONTINUOUS_TRADING,7,1,323472,SCMN,XSWX,2022-09-02 07:57:09.769,2022-09-02 07:57:11.769,507.6,508.0,CONTINUOUS_TRADING,,,,,,,1.0
DE0008303504,EUR,XETA,2022-09-02 07:59:14.677,8.865,545,CONTINUOUS_TRADING,-147,-1,327489,TEG,XETR,2022-09-02 07:59:13.677,2022-09-02 07:59:15.677,,,,,,,,,,
CH0008742519,CHF,XSWX,2022-09-02 07:59:53.219,507.6,1009,CONTINUOUS_TRADING,11,1,323472,SCMN,XSWX,2022-09-02 07:59:52.219,2022-09-02 07:59:54.219,507.6,507.8,CONTINUOUS_TRADING,,,,507.6,507.8,CONTINUOUS_TRADING,1.0
CH0008742519,CHF,XSWX,2022-09-02 07:59:59.945,507.6,1010,CONTINUOUS_TRADING,8,1,323472,SCMN,XSWX,2022-09-02 07:59:58.945,2022-09-02 08:00:00.945,507.6,507.8,CONTINUOUS_TRADING,,,,,,,1.0
DE000LEG1110,EUR,XETA,2022-09-02 08:00:26.012,73.28,800,CONTINUOUS_TRADING,14,1,327496,LEG,XETR,2022-09-02 08:00:25.012,2022-09-02 08:00:27.012,,,,,,,,,,
DE0008303504,EUR,XETA,2022-09-02 08:00:48.863,8.84,546,CONTINUOUS_TRADING,-235,-1,327489,TEG,XETR,2022-09-02 08:00:47.863,2022-09-02 08:00:49.863,,,,,,,,,,
BE0003851681,EUR,XBRU,2022-09-02 08:00:49.155,92.0,106,CONTINUOUS_TRADING,18,1,328336,AED,XBRU,2022-09-02 08:00:48.155,2022-09-02 08:00:50.155,91.95,92.15,CONTINUOUS_TRADING,,,,91.9,92.05,CONTINUOUS_TRADING,0.7500000000000178
CH0008742519,CHF,XSWX,2022-09-02 08:01:41.263,507.8,1011,CONTINUOUS_TRADING,4,1,323472,SCMN,XSWX,2022-09-02 08:01:40.263,2022-09-02 08:01:42.263,507.6,508.0,CONTINUOUS_TRADING,,,,,,,0.5
DE000LEG1110,EUR,XETA,2022-09-02 08:02:07.257,73.34,801,CONTINUOUS_TRADING,15,1,327496,LEG,XETR,2022-09-02 08:02:06.257,2022-09-02 08:02:08.257,,,,,,,,,,
DE0006305006,EUR,XETA,2022-09-02 08:02:14.785,3.62,26,OPENING_AUCTION,-1078,-1,331530,DEZ,XETR,2022-09-02 08:02:13.785,2022-09-02 08:02:15.785,,,,,,,,,,
CH0363463438,CHF,XSWX,2022-09-02 08:04:05.219,14.31,348,CONTINUOUS_TRADING,-126,-1,329340,IDIA,XSWX,2022-09-02 08:04:04.219,2022-09-02 08:04:06.219,,,,,,,,,,
CH0363463438,CHF,XSWX,2022-09-02 08:04:05.219,14.31,431,CONTINUOUS_TRADING,-127,-1,329340,IDIA,XSWX,2022-09-02 08:04:04.219,2022-09-02 08:04:06.219,,,,,,,,,,
DE000LEG1110,EUR,XETA,2022-09-02 08:04:11.791,73.38,802,CONTINUOUS_TRADING,14,1,327496,LEG,XETR,2022-09-02 08:04:10.791,2022-09-02 08:04:12.791,,,,,,,,,,
CH0363463438,CHF,XSWX,2022-09-02 08:04:26.525,14.32,349,CONTINUOUS_TRADING,-109,-1,329340,IDIA,XSWX,2022-09-02 08:04:25.525,2022-09-02 08:04:27.525,,,,,,,,,,
CH0363463438,CHF,XSWX,2022-09-02 08:04:31.306,14.33,350,CONTINUOUS_TRADING,-141,-1,329340,IDIA,XSWX,2022-09-02 08:04:30.306,2022-09-02 08:04:32.306,,,,,,,,,,
CH0008742519,CHF,XSWX,2022-09-02 08:04:52.909,508.0,1012,CONTINUOUS_TRADING,8,1,323472,SCMN,XSWX,2022-09-02 08:04:51.909,2022-09-02 08:04:53.909,507.8,508.2,CONTINUOUS_TRADING,,,,507.8,508.2,CONTINUOUS_TRADING,0.5
DE0008303504,EUR,XETA,2022-09-02 08:05:02.524,8.875,547,CONTINUOUS_TRADING,-144,-1,327489,TEG,XETR,2022-09-02 08:05:01.524,2022-09-02 08:05:03.524,,,,,,,,,,
DE000LEG1110,EUR,XETA,2022-09-02 08:05:11.308,73.38,803,CONTINUOUS_TRADING,25,1,327496,LEG,XETR,2022-09-02 08:05:10.308,2022-09-02 08:05:12.308,,,,,,,,,,
CH0008742519,CHF,XSWX,2022-09-02 08:05:20.314,507.8,1014,CONTINUOUS_TRADING,2,1,323472,SCMN,XSWX,2022-09-02 08:05:19.314,2022-09-02 08:05:21.314,507.8,508.0,CONTINUOUS_TRADING,,,,,,,1.0
CH0008742519,CHF,XSWX,2022-09-02 08:05:20.314,507.8,1013,CONTINUOUS_TRADING,3,1,323472,SCMN,XSWX,2022-09-02 08:05:19.314,2022-09-02 08:05:21.314,507.8,508.0,CONTINUOUS_TRADING,,,,,,,1.0
DE0008303504,EUR,XETA,2022-09-02 08:05:37.561,8.875,548,CONTINUOUS_TRADING,-118,-1,327489,TEG,XETR,2022-09-02 08:05:36.561,2022-09-02 08:05:38.561,,,,,,,,,,
CH0363463438,CHF,XSWX,2022-09-02 08:05:59.525,14.35,351,CONTINUOUS_TRADING,-74,-1,329340,IDIA,XSWX,2022-09-02 08:05:58.525,2022-09-02 08:06:00.525,,,,,,,,,,
DK0061539921,EUR,XETB,2022-09-02 08:06:28.783,23.76,1302,CONTINUOUS_TRADING,77,1,286168571,VWSB,XETR,2022-09-02 08:06:27.783,2022-09-02 08:06:29.783,,,,,,,,,,
DK0061539921,EUR,XETB,2022-09-02 08:06:28.808,23.76,1303,CONTINUOUS_TRADING,12,1,286168571,VWSB,XETR,2022-09-02 08:06:27.808,2022-09-02 08:06:29.808,,,,,,,,,,
DK0061539921,EUR,XETB,2022-09-02 08:06:29.863,23.76,1304,CONTINUOUS_TRADING,89,1,286168571,VWSB,XETR,2022-09-02 08:06:28.863,2022-09-02 08:06:30.863,,,,,,,,,,
DK0061539921,EUR,XETB,2022-09-02 08:06:42.560,23.755,1305,CONTINUOUS_TRADING,89,1,286168571,VWSB,XETR,2022-09-02 08:06:41.560,2022-09-02 08:06:43.560,,,,,,,,,,
DK0061539921,EUR,XETB,2022-09-02 08:06:42.569,23.755,1306,CONTINUOUS_TRADING,89,1,286168571,VWSB,XETR,2022-09-02 08:06:41.569,2022-09-02 08:06:43.569,,,,,,,,,,
DK0061539921,EUR,XETB,2022-09-02 08:06:42.602,23.755,1307,CONTINUOUS_TRADING,89,1,286168571,VWSB,XETR,2022-09-02 08:06:41.602,2022-09-02 08:06:43.602,,,,,,,,,,
DK0061539921,EUR,XETB,2022-09-02 08:06:45.682,23.755,1308,CONTINUOUS_TRADING,27,1,286168571,VWSB,XETR,2022-09-02 08:06:44.682,2022-09-02 08:06:46.682,,,,,,,,,,
DE0008303504,EUR,XETA,2022-09-02 08:06:48.496,8.875,549,CONTINUOUS_TRADING,-127,-1,327489,TEG,XETR,2022-09-02 08:06:47.496,2022-09-02 08:06:49.496,,,,,,,,,,
CH0008742519,CHF,XSWX,2022-09-02 08:07:00.321,507.8,1015,CONTINUOUS_TRADING,5,1,323472,SCMN,XSWX,2022-09-02 08:06:59.321,2022-09-02 08:07:01.321,507.6,508.0,CONTINUOUS_TRADING,,,,507.6,508.0,CONTINUOUS_TRADING,0.5
CH0363463438,CHF,XSWX,2022-09-02 08:08:42.525,14.35,432,CONTINUOUS_TRADING,-74,-1,329340,IDIA,XSWX,2022-09-02 08:08:41.525,2022-09-02 08:08:43.525,,,,,,,,,,
CH0363463438,CHF,XSWX,2022-09-02 08:08:50.104,14.36,352,CONTINUOUS_TRADING,-77,-1,329340,IDIA,XSWX,2022-09-02 08:08:49.104,2022-09-02 08:08:51.104,,,,,,,,,,
CH0008742519,CHF,XSWX,2022-09-02 08:09:41.068,507.8,1016,CONTINUOUS_TRADING,7,1,323472,SCMN,XSWX,2022-09-02 08:09:40.068,2022-09-02 08:09:42.068,507.6,508.0,CONTINUOUS_TRADING,507.8,508.0,CONTINUOUS_TRADING,,,,0.5
DK0061539921,EUR,XETB,2022-09-02 08:10:12.066,23.72,1309,CONTINUOUS_TRADING,111,1,286168571,VWSB,XETR,2022-09-02 08:10:11.066,2022-09-02 08:10:13.066,,,,,,,,,,
DK0061539921,EUR,XETB,2022-09-02 08:10:12.109,23.72,1310,CONTINUOUS_TRADING,111,1,286168571,VWSB,XETR,2022-09-02 08:10:11.109,2022-09-02 08:10:13.109,,,,,,,,,,
DK0061539921,EUR,XETB,2022-09-02 08:10:12.146,23.72,1311,CONTINUOUS_TRADING,5,1,286168571,VWSB,XETR,2022-09-02 08:10:11.146,2022-09-02 08:10:13.146,,,,,,,,,,
DK0061539921,EUR,XETB,2022-09-02 08:10:13.810,23.72,1312,CONTINUOUS_TRADING,106,1,286168571,VWSB,XETR,2022-09-02 08:10:12.810,2022-09-02 08:10:14.810,,,,,,,,,,
DK0061539921,EUR,XETB,2022-09-02 08:10:13.819,23.715,1313,CONTINUOUS_TRADING,111,1,286168571,VWSB,XETR,2022-09-02 08:10:12.819,2022-09-02 08:10:14.819,,,,,,,,,,
DK0061539921,EUR,XETB,2022-09-02 08:10:13.828,23.715,1314,CONTINUOUS_TRADING,136,1,286168571,VWSB,XETR,2022-09-02 08:10:12.828,2022-09-02 08:10:14.828,,,,,,,,,,
DK0061539921,EUR,XETB,2022-09-02 08:10:13.846,23.72,1315,CONTINUOUS_TRADING,2,1,286168571,VWSB,XETR,2022-09-02 08:10:12.846,2022-09-02 08:10:14.846,,,,,,,,,,
DE000LEG1110,EUR,XETA,2022-09-02 08:10:30.373,73.34,804,CONTINUOUS_TRADING,14,1,327496,LEG,XETR,2022-09-02 08:10:29.373,2022-09-02 08:10:31.373,,,,,,,,,,
BE0003851681,EUR,XBRU,2022-09-02 08:10:32.016,92.05,107,CONTINUOUS_TRADING,32,1,328336,AED,XBRU,2022-09-02 08:10:31.016,2022-09-02 08:10:33.016,92.0,92.15,CONTINUOUS_TRADING,,,,91.95,92.1,CONTINUOUS_TRADING,0.6666666666666983
BE0003593044,EUR,XBRU,2022-09-02 08:10:32.024,99.0,1194,CONTINUOUS_TRADING,16,1,324084,COFB,XBRU,2022-09-02 08:10:31.024,2022-09-02 08:10:33.024,98.95,99.1,CONTINUOUS_TRADING,,,,,,,0.6666666666666666
DK0061539921,EUR,XETB,2022-09-02 08:10:39.440,23.715,1317,CONTINUOUS_TRADING,914,1,286168571,VWSB,XETR,2022-09-02 08:10:38.440,2022-09-02 08:10:40.440,,,,,,,,,,
DK0061539921,EUR,XETB,2022-09-02 08:10:39.440,23.71,1316,CONTINUOUS_TRADING,392,1,286168571,VWSB,XETR,2022-09-02 08:10:38.440,2022-09-02 08:10:40.440,,,,,,,,,,
DE0008303504,EUR,XETA,2022-09-02 08:10:39.743,8.86,550,CONTINUOUS_TRADING,-117,-1,327489,TEG,XETR,2022-09-02 08:10:38.743,2022-09-02 08:10:40.743,,,,,,,,,,
DE0008303504,EUR,XETA,2022-09-02 08:10:44.759,8.865,551,CONTINUOUS_TRADING,-128,-1,327489,TEG,XETR,2022-09-02 08:10:43.759,2022-09-02 08:10:45.759,,,,,,,,,,
CH0363463438,CHF,XSWX,2022-09-02 08:11:31.044,14.34,353,CONTINUOUS_TRADING,-155,-1,329340,IDIA,XSWX,2022-09-02 08:11:30.044,2022-09-02 08:11:32.044,,,,,,,,,,
CH0008742519,CHF,XSWX,2022-09-02 08:11:45.697,507.6,1017,CONTINUOUS_TRADING,9,1,323472,SCMN,XSWX,2022-09-02 08:11:44.697,2022-09-02 08:11:46.697,507.6,507.8,CONTINUOUS_TRADING,,,,,,,1.0
CH0008742519,CHF,XSWX,2022-09-02 08:11:50.823,507.4,1018,CONTINUOUS_TRADING,8,1,323472,SCMN,XSWX,2022-09-02 08:11:49.823,2022-09-02 08:11:51.823,507.4,507.6,CONTINUOUS_TRADING,507.4,507.6,CONTINUOUS_TRADING,507.2,507.6,CONTINUOUS_TRADING,1.0
CH0008742519,CHF,XSWX,2022-09-02 08:12:43.400,507.2,1019,CONTINUOUS_TRADING,7,1,323472,SCMN,XSWX,2022-09-02 08:12:42.400,2022-09-02 08:12:44.400,507.0,507.4,CONTINUOUS_TRADING,,,,,,,0.5
DE0008303504,EUR,XETA,2022-09-02 08:12:47.157,8.885,552,CONTINUOUS_TRADING,-112,-1,327489,TEG,XETR,2022-09-02 08:12:46.157,2022-09-02 08:12:48.157,,,,,,,,,,
CH0363463438,CHF,XSWX,2022-09-02 08:12:49.327,14.4,354,CONTINUOUS_TRADING,-193,-1,329340,IDIA,XSWX,2022-09-02 08:12:48.327,2022-09-02 08:12:50.327,,,,,,,,,,
DE0006305006,EUR,XETA,2022-09-02 08:12:59.856,3.622,27,OPENING_AUCTION,-1122,-1,331530,DEZ,XETR,2022-09-02 08:12:58.856,2022-09-02 08:13:00.856,,,,,,,,,,
BE0003851681,EUR,XBRU,2022-09-02 08:13:22.049,92.15,108,CONTINUOUS_TRADING,14,1,328336,AED,XBRU,2022-09-02 08:13:21.049,2022-09-02 08:13:23.049,92.15,92.25,CONTINUOUS_TRADING,,,,,,,1.0
CH0008742519,CHF,XSWX,2022-09-02 08:13:25.042,507.0,1020,CONTINUOUS_TRADING,8,1,323472,SCMN,XSWX,2022-09-02 08:13:24.042,2022-09-02 08:13:26.042,507.0,507.2,CONTINUOUS_TRADING,,,,,,,1.0
CH0008742519,CHF,XSWX,2022-09-02 08:13:56.032,507.0,1021,CONTINUOUS_TRADING,8,1,323472,SCMN,XSWX,2022-09-02 08:13:55.032,2022-09-02 08:13:57.032,506.8,507.0,CONTINUOUS_TRADING,506.8,507.0,CONTINUOUS_TRADING,506.8,507.2,CONTINUOUS_TRADING,0.0
CH0008742519,CHF,XSWX,2022-09-02 08:13:58.033,507.2,1022,CONTINUOUS_TRADING,9,1,323472,SCMN,XSWX,2022-09-02 08:13:57.033,2022-09-02 08:13:59.033,506.8,507.2,CONTINUOUS_TRADING,506.8,507.2,CONTINUOUS_TRADING,506.8,507.2,CONTINUOUS_TRADING,0.0
CH0008742519,CHF,XSWX,2022-09-02 08:13:58.033,507.2,1023,CONTINUOUS_TRADING,25,1,323472,SCMN,XSWX,2022-09-02 08:13:57.033,2022-09-02 08:13:59.033,506.8,507.2,CONTINUOUS_TRADING,506.8,507.2,CONTINUOUS_TRADING,506.8,507.2,CONTINUOUS_TRADING,0.0
CH0008742519,CHF,XSWX,2022-09-02 08:13:58.033,507.2,1024,CONTINUOUS_TRADING,10,1,323472,SCMN,XSWX,2022-09-02 08:13:57.033,2022-09-02 08:13:59.033,506.8,507.2,CONTINUOUS_TRADING,506.8,507.2,CONTINUOUS_TRADING,506.8,507.2,CONTINUOUS_TRADING,0.0
DE0006305006,EUR,XETA,2022-09-02 08:14:15.866,3.628,28,OPENING_AUCTION,-358,-1,331530,DEZ,XETR,2022-09-02 08:14:14.866,2022-09-02 08:14:16.866,,,,,,,,,,
DE0006305006,EUR,XETA,2022-09-02 08:14:16.865,3.626,29,OPENING_AUCTION,-1348,-1,331530,DEZ,XETR,2022-09-02 08:14:15.865,2022-09-02 08:14:17.865,,,,,,,,,,
CH0363463438,CHF,XSWX,2022-09-02 08:14:21.121,14.45,433,CONTINUOUS_TRADING,-74,-1,329340,IDIA,XSWX,2022-09-02 08:14:20.121,2022-09-02 08:14:22.121,,,,,,,,,,
CH0363463438,CHF,XSWX,2022-09-02 08:14:25.014,14.49,355,CONTINUOUS_TRADING,-85,-1,329340,IDIA,XSWX,2022-09-02 08:14:24.014,2022-09-02 08:14:26.014,,,,,,,,,,
DE0008303504,EUR,XETA,2022-09-02 08:14:28.710,8.9,554,CONTINUOUS_TRADING,-90,-1,327489,TEG,XETR,2022-09-02 08:14:27.710,2022-09-02 08:14:29.710,,,,,,,,,,
DE0008303504,EUR,XETA,2022-09-02 08:14:28.710,8.9,553,CONTINUOUS_TRADING,-40,-1,327489,TEG,XETR,2022-09-02 08:14:27.710,2022-09-02 08:14:29.710,,,,,,,,,,
DE000LEG1110,EUR,XETA,2022-09-02 08:14:34.906,73.54,805,CONTINUOUS_TRADING,29,1,327496,LEG,XETR,2022-09-02 08:14:33.906,2022-09-02 08:14:35.906,,,,,,,,,,
DE0008303504,EUR,XETA,2022-09-02 08:17:47.021,8.915,555,CONTINUOUS_TRADING,-132,-1,327489,TEG,XETR,2022-09-02 08:17:46.021,2022-09-02 08:17:48.021,,,,,,,,,,
BE0003851681,EUR,XBRU,2022-09-02 08:17:58.129,92.3,109,CONTINUOUS_TRADING,19,1,328336,AED,XBRU,2022-09-02 08:17:57.129,2022-09-02 08:17:59.129,92.25,92.45,CONTINUOUS_TRADING,,,,,,,0.7500000000000178
DE0006305006,EUR,XETA,2022-09-02 08:17:58.621,3.63,30,OPENING_AUCTION,-223,-1,331530,DEZ,XETR,2022-09-02 08:17:57.621,2022-09-02 08:17:59.621,,,,,,,,,,
DE0006305006,EUR,XETA,2022-09-02 08:19:51.344,3.634,32,OPENING_AUCTION,-207,-1,331530,DEZ,XETR,2022-09-02 08:19:50.344,2022-09-02 08:19:52.344,,,,,,,,,,
DE0006305006,EUR,XETA,2022-09-02 08:19:51.344,3.634,31,OPENING_AUCTION,-25,-1,331530,DEZ,XETR,2022-09-02 08:19:50.344,2022-09-02 08:19:52.344,,,,,,,,,,
DE000LEG1110,EUR,XETA,2022-09-02 08:19:57.213,73.68,806,CONTINUOUS_TRADING,15,1,327496,LEG,XETR,2022-09-02 08:19:56.213,2022-09-02 08:19:58.213,,,,,,,,,,
BE0003851681,EUR,XBRU,2022-09-02 08:19:58.243,92.35,110,CONTINUOUS_TRADING,16,1,328336,AED,XBRU,2022-09-02 08:19:57.243,2022-09-02 08:19:59.243,92.35,92.5,CONTINUOUS_TRADING,,,,,,,1.0
DE0008303504,EUR,XETA,2022-09-02 08:21:02.376,8.915,556,CONTINUOUS_TRADING,-149,-1,327489,TEG,XETR,2022-09-02 08:21:01.376,2022-09-02 08:21:03.376,,,,,,,,,,
DE0006305006,EUR,XETA,2022-09-02 08:22:24.934,3.634,33,OPENING_AUCTION,-148,-1,331530,DEZ,XETR,2022-09-02 08:22:23.934,2022-09-02 08:22:25.934,,,,,,,,,,
DE0006305006,EUR,XETA,2022-09-02 08:22:25.728,3.632,34,OPENING_AUCTION,-238,-1,331530,DEZ,XETR,2022-09-02 08:22:24.728,2022-09-02 08:22:26.728,,,,,,,,,,
DE0006305006,EUR,XETA,2022-09-02 08:22:26.935,3.63,35,OPENING_AUCTION,-578,-1,331530,DEZ,XETR,2022-09-02 08:22:25.935,2022-09-02 08:22:27.935,,,,,,,,,,
DE0006305006,EUR,XETA,2022-09-02 08:22:28.934,3.628,36,OPENING_AUCTION,-641,-1,331530,DEZ,XETR,2022-09-02 08:22:27.934,2022-09-02 08:22:29.934,,,,,,,,,,
DE000LEG1110,EUR,XETA,2022-09-02 08:22:30.436,73.74,807,CONTINUOUS_TRADING,15,1,327496,LEG,XETR,2022-09-02 08:22:29.436,2022-09-02 08:22:31.436,,,,,,,,,,
BE0003851681,EUR,XBRU,2022-09-02 08:22:56.189,92.45,111,CONTINUOUS_TRADING,17,1,328336,AED,XBRU,2022-09-02 08:22:55.189,2022-09-02 08:22:57.189,92.4,92.55,CONTINUOUS_TRADING,92.45,92.55,CONTINUOUS_TRADING,92.4,92.5,CONTINUOUS_TRADING,0.6666666666666666
DE000LEG1110,EUR,XETA,2022-09-02 08:23:37.571,73.74,808,CONTINUOUS_TRADING,19,1,327496,LEG,XETR,2022-09-02 08:23:36.571,2022-09-02 08:23:38.571,,,,,,,,,,
